4266 6314
321 341 425 399 εὖτ
458 330 461 331 ν

314 476 424 515 non
474 475 656 528 parem
699 458 870 512 solum
921 465 1158 512 amorem
1185 455 1458 522 indicans,
1491 452 1588 510 sed
1611 450 1731 523 quia
1758 461 1913 506 sum-

317 567 420 606 nne
459 549 762 605 dilectionis
801 548 1107 618 exemplum
1148 546 1292 601 aliud
1345 561 1451 602 non
1507 545 1770 600 novimus.
1821 540 1916 596 illo

317 654 497 698 tamen
551 642 798 711 exemplo
853 641 1022 709 majus
1059 638 1200 694 aliud
1246 638 1444 708 profert
1488 635 1690 701 Isaias,
1723 647 1915 703 nempe

311 735 505 789 matris
569 749 690 802 qua:
744 730 1107 786 misericordia
1157 745 1281 800 erga
1324 728 1532 798 prolem
1580 735 1787 798 patrem
1826 739 1916 778 su-

316 841 507 895 perare
577 827 714 881 solet
737 866 752 891 ,
806 824 885 880 sic
954 823 1178 893 loquens
1221 841 1235 876 :
1285 819 1550 891 Numquid
1603 819 1916 874 obliviscetur

316 917 498 970 mlier
535 914 776 986 infantuli
799 915 878 968 sui
902 955 916 979 ,
946 923 1004 968 ut
1041 929 1142 967 non
1169 913 1464 968 misereatur
1489 911 1596 976 ﬁlio
1625 911 1754 964 uteri
1793 908 1871 963 sui
1891 908 1917 962 2

315 1007 428 1062 Sed
467 1015 512 1061 et
553 1007 600 1062 si
621 1004 715 1058 illa
753 1004 910 1060 oblita
964 1005 1075 1075 ejus
1121 1004 1306 1074 fuerit,
1350 1018 1446 1073 ego
1488 1010 1655 1055 tamen
1697 1000 1772 1054 tui
1813 1013 1915 1053 non

307 1098 578 1152 obliviscar
603 1136 617 1164 ,
647 1097 768 1150 dicit
817 1094 1065 1150 Dominus
1114 1092 1274 1166 (Isai.
1305 1093 1397 1160 49,
1431 1092 1536 1165 l5)
1585 1109 1598 1146 :
1626 1089 1915 1147 oswndens

318 1189 418 1243 Dei
461 1186 878 1242 misericordiam
915 1185 1140 1240 allectus
1167 1197 1356 1239 omnes
1393 1182 1665 1238 naturales
1711 1181 1913 1251 longis-

310 1283 453 1337 sime
472 1279 856 1336 excodere.'Et
884 1278 1162 1350 praphetze
1201 1277 1415 1348 quidem
1447 1276 1566 1331 sic:
1598 1275 1713 1346 ipse
1737 1282 1914 1328 autem

313 1372 596 1440 Christus,
623 1387 747 1427 cum
777 1370 977 1426 Judazis
1018 1370 1330 1440 loqueretur
1350 1405 1366 1433 ,
1397 1367 1572 1422 aiebat
1604 1383 1618 1419 :
1651 1365 1711 1421 Si
1749 1373 1918 1418 autem

313 1480 404 1518 vos
427 1464 677 1518 cum-sitis
699 1462 822 1516 mali
846 1502 861 1528 ,
891 1462 1048 1515 nostis
1071 1461 1202 1514 bona
1231 1460 1353 1513 data
1381 1461 1504 1511 dare
1543 1457 1664 1526 ﬁliis
1689 1455 1874 1525 lvestris
1895 1495 1911 1520 ,

310 1566 503 1628 quanto
548 1557 714 1626 magis
758 1554 913 1609 Pater
954 1564 1112 1608 uester
1160 1552 1371 1606 cwleuis
1401 1550 1538 1604 dabit
1567 1548 1700 1602 bona
1742 1556 1916 1618 peten-

315 1650 448 1704 tibus
487 1665 544 1703 se
595 1647 922 1721 (’Mattk.’7.
974 1647 1032 1702 ll
1063 1645 1125 1716 )?
1161 1645 1292 1700 nihil
1342 1643 1582 1715 profecto
1633 1641 1777 1697 aliud
1820 1656 1917 1712 per

317 1739 421 1794 ista
451 1739 789 1810 significans,
823 1738 924 1792 nisi
955 1747 1158 1792 tantam
1189 1744 1312 1792 esse
1341 1732 1916 1806 divinm'providentiae

315 1845 369 1888 et
400 1831 800 1903 gubernationis
830 1829 1451 1900 paternm'diﬂ‘erentiam
1473 1869 1488 1896 ,
1517 1835 1780 1899 quantum
1829 1828 1913 1881 in-

317 1932 487 1980 terest
518 1923 658 1979 inter
687 1923 876 1977 bonos
898 1930 952 1978 et
989 1922 1176 1976 malos.
1211 1920 1412 1976 Verum
1455 1935 1629 1990 neque
1659 1918 1914 1973 hactenus

315 2026 424 2072 stes
445 2016 621 2082 velim,
651 2016 950 2080 sedganente
975 2014 1039 2069 ad
1063 2014 1314 2070 ulteriora
1346 2011 1686 2083 progredere.
1709 2011 1838 2065 Nam
1863 2009 1914 2064 id

315 2122 527 2178 quoque
552 2120 651 2176 pro
680 2113 842 2176 captu
884 2114 940 2171 et
985 2103 1144 2159 modo
1193 2112 1284 2157 tuo
1325 2102 1528 2157 dictum
1553 2111 1637 2157 est
1672 2119 1686 2156 :
1718 2101 1914 2170 quippe

321 2199 467 2268 cujus
495 2197 848 2268 intelligentia
879 2205 960 2252 est
990 2196 1218 2263 inﬁnita,
1237 2204 1305 2250 .et
1329 2194 1543 2250 bonitas
1571 2193 1814 2249 similiter
1835 2202 1914 2246 at-

317 2306 428 2365 que
455 2283 739 2346 clementia
771 2305 901 2360 erga
924 2288 1189 2343 homines.
1228 2286 1381 2356 Quod
1422 2287 1468 2342 si
1512 2286 1649 2341 banc
1676 2301 1769 2356 per
1798 2286 1911 2340 sin-

313 2377 435 2452 gula
463 2397 585 2452 qua:
616 2382 750 2435 ﬁunt
771 2396 876 2436 non
912 2379 1284 2450 perspicimus,
1315 2387 1371 2434 et
1399 2377 1499 2434 hoc
1525 2380 1736 2449 signum
1766 2377 1909 2432 illius

316 2471 594 2527 inﬁnitatis
632 2480 734 2528 est.
773 2471 1008 2527 Plurima
1036 2471 1180 2527 enim
1221 2480 1275 2526 et
1304 2485 1495 2541 magna
1525 2470 1769 2541 quotidie
1808 2485 1911 2539 pro

315 2573 501 2620 nostra
531 2565 704 2620 salute
748 2565 1028 2635 disponit,
1070 2580 1191 2635 quae
1230 2564 1331 2634 ipsi
1361 2563 1464 2620 soli
1508 2572 1632 2620 sunt
1677 2563 1910 2635 cognita.

318 2658 452 2727 Quia
493 2659 638 2714 enim
686 2657 944 2713 bonitatis
987 2671 1099 2712 suae
1123 2656 1294 2727 gratia
1341 2657 1523 2726 generi
1554 2665 1740 2712 nostro
1763 2656 1907 2711 bona-

315 2749 560 2820 largitur,
590 2748 719 2803 nihil
743 2748 943 2803 nostris
961 2747 1210 2818 indigens
1231 2747 1498 2813 laudibus,
1528 2747 1779 2818 nullaque
1803 2745 1907 2801 alia

321 2841 760 2896 remuneratione
782 2855 918 2910 opus
947 2839 1174 2904 habens,
1205 2840 1432 2909 plurima
1461 2853 1561 2893 nos
1588 2840 1756 2892 latere
1786 2853 1930 2908 per--

316 2932 502 2987 mittit.
525 2930 631 2986 Sed
662 2940 718 2985 et
760 2931 802 2985 si
837 2929 1120 2998 aliquando
1160 2928 1276 2983 haec
1305 2929 1528 2994 revelat,
1561 2938 1619 2983 et
1660 2927 1790 2982 illud
1816 2943 1914 2982 no-

313 3033 438 3079 atrae
465 3023 707 3079 utilitatis
746 3037 907 3077 causa
940 3021 1084 3088 facit,
1117 3029 1175 3075 ut
1207 3021 1409 3091 gratias
1437 3021 1514 3074 illi
1546 3035 1758 3090 semper
1809 3021 1906 3077 ha-

313 3115 503 3172 bentes
531 3156 546 3179 ,
581 3113 814 3182 amplius
857 3111 1013 3167 nobis
1056 3111 1391 3168 attrahamus
1437 3111 1578 3168 illius
1628 3111 1907 3167 auxilium.

315 3205 435 3262 Non
466 3206 629 3276 igitur
673 3204 744 3260 de
792 3204 876 3259 his
908 3203 1084 3258 solum
1129 3219 1250 3274 qua;
1278 3204 1527 3262 novimus
1553 3243 1569 3269 ,
1617 3203 1716 3259 sed
1739 3203 1810 3260 de
1848 3204 1914 3260 iis

321 3299 486 3354 etiam
523 3314 643 3368 qua:
679 3298 950 3353 nescimus
974 3336 988 3361 ,
1033 3296 1232 3365 gratias
1263 3295 1339 3351 illi
1364 3295 1701 3351 referamus:
1739 3309 1914 3365 neque

315 3392 462 3448 enim
490 3392 735 3447 volentes
764 3392 961 3456 solum,
988 3403 1174 3445 verum
1222 3387 1420 3443 invitos
1462 3402 1674 3458 quoque
1703 3385 1910 3442 beneﬁ-

313 3487 414 3542 ciis
440 3484 722 3541 consuevit
747 3482 984 3537 afﬁcere.
1015 3480 1168 3548 Quod
1199 3480 1398 3535 Paulus
1418 3494 1539 3535 eum
1560 3480 1744 3546 sciret,
1770 3494 1914 3534 sem-

313 3593 412 3648 per
432 3586 485 3632 et
507 3577 562 3634 in
589 3575 840 3632 omnibus
856 3574 1054 3645 gratias
1083 3588 1243 3644 agere
1267 3573 1537 3628 monebat.
1561 3572 1712 3640 Quod
1733 3579 1914 3628 autem

314 3683 422 3723 non
467 3667 828 3725 communiter
873 3665 1048 3720 solum
1106 3664 1583 3726 omnium.curam
1643 3665 1798 3735 gerit,
1818 3664 1913 3720 sed

313 3773 562 3814 seorsum
607 3758 941 3828 singulorum
968 3797 983 3823 ,
1030 3757 1203 3827 ipsum
1233 3755 1419 3812 audias
1445 3757 1572 3813 licet
1595 3755 1910 3812 dicentem:

315 3849 442 3906 Non
470 3859 544 3906 est
569 3851 802 3905 voluntas
847 3866 1018 3904 coram
1048 3848 1204 3904 Patre
1228 3865 1336 3903 meo
1360 3851 1446 3920 qui
1471 3851 1523 3903 in
1565 3849 1702 3904 catis
1721 3859 1816 3914 est,
1860 3859 1914 3902 ut

313 3953 487 4016 pereat
531 3959 661 3998 unus
691 3944 754 3997 de
797 3941 997 4012 pusillis
1040 3943 1149 3997 istis
1179 3942 1196 4012 (
1225 3940 1412 3996 Matth.
1464 3942 1551 3998 18.
1584 3939 1723 4014 li),
1755 3941 1826 3996 de
1848 3940 1916 3998 iis

310 4035 501 4092 dicens
523 4076 538 4101 ,
573 4034 664 4106 qui
697 4037 751 4088 in
780 4033 927 4088 illum
957 4033 1210 4090 credunt.
1234 4031 1390 4104 Cupit
1443 4032 1557 4103 ipse
1601 4032 1816 4103 quidem
1859 4041 1916 4088 et

311 4141 408 4183 eos
427 4127 516 4197 qui
543 4140 650 4181 non
676 4125 1116 4186 creduntsalvos
1136 4123 1274 4189 ﬁeri,
1300 4125 1601 4194 mutarique
1623 4124 1675 4178 in
1701 4123 1912 4188 melius,

313 4227 368 4272 et
393 4217 615 4274 credere
640 4259 657 4286 ,
706 4218 846 4273 sicut
889 4216 1088 4272 Paulus
1119 4217 1229 4270 ait:
1262 4215 1364 4283 Qui
1389 4217 1494 4269 uult
1538 4231 1708 4270 omnes
1749 4215 1915 4269 salvos

313 4312 447 4381 ﬁeri,
477 4320 522 4367 et
552 4311 621 4367 ad
639 4312 949 4382 agnitionem
976 4310 1197 4366 veritatis
1219 4315 1383 4365 venire
1409 4309 1486 4378 (l.
1506 4308 1639 4362 Tim.
1662 4309 1717 4362 9..
1736 4309 1816 4379 4).
1848 4307 1916 4363 Et

314 4409 429 4477 ipse
454 4406 520 4460 ad
547 4404 795 4460 Judmos:
828 4403 948 4458 Non
1001 4404 1109 4457 veni
1138 4419 1316 4456 vocare
1339 4403 1528 4474 justas,
1568 4401 1658 4456 sed
1683 4411 1915 4473 peccato-

313 4515 394 4553 res
436 4497 504 4551 ad
547 4495 893 4567 paniteiztiam
936 4494 1170 4565 (Matth.
1204 4492 1258 4548 9.
1291 4493 1359 4550 l5
1381 4490 1431 4564 );
1477 4501 1532 4547 et
1560 4507 1656 4562 per
1680 4492 1913 4562 prophe-

315 4599 454 4655 tam,
487 4587 895 4642 Misericordia»:
924 4587 1057 4652 volo,
1085 4596 1130 4641 et
1161 4602 1263 4641 non
1315 4584 1618 4652 sacriﬁcium
1663 4583 1830 4655 (Osee
1858 4584 1914 4639 6.

316 4683 418 4753 6).
447 4683 518 4736 At
545 4695 677 4736 vero
704 4681 748 4734 si
782 4689 902 4748 post
948 4688 1112 4733 tantm
1141 4693 1284 4733 curat
1311 4692 1375 4732 ac
1405 4674 1750 4745 providentiae
1781 4674 1914 4729 frui-

317 4774 518 4829 tionem
550 4771 822 4828 noluerint
842 4769 1097 4825 meliores
1125 4768 1275 4834 ﬁeri,
1325 4766 1713 4837 veritatemque
1752 4780 1916 4836 agno-

315 4882 492 4934 scere,
516 4880 583 4921 ne
604 4865 681 4920 sic
698 4864 913 4935 quidem
936 4863 1056 4918 illos
1075 4863 1294 4930 deserit,
1318 4861 1412 4918 sed
1431 4861 1681 4932 quoniam
1701 4869 1915 4916 aeterna:

316 4960 440 5012 vita:
471 4957 889 5028 participatione
929 4955 1031 5026 ipsi
1059 4970 1118 5011 se
1143 4969 1239 5010 sua
1271 4963 1461 5024 sponte
1506 4951 1916 5023 privarunt,‘vel

317 5049 603 5119 prmsentis
626 5049 751 5102 vitae
775 5047 929 5101 bona:
958 5044 1065 5101 illis
1089 5045 1267 5099 omnia
1295 5044 1532 5114 largitur,
1564 5043 1732 5099 solem
1758 5057 1917 5102 suum

316 5143 447 5197 oriri
473 5124 680 5198 iaciens
720 5156 884 5212 super
909 5139 1082 5195 bonos
1105 5149 1162 5194 et
1200 5140 1372 5194 malos
1394 5179 1409 5204 ,
1439 5147 1493 5193 et
1517 5137 1711 5208 pluens
1754 5152 1919 5206 super

312 5243 486 5306 iustos
511 5243 566 5290 et
594 5234 841 5304 injustos,
877 5233 1087 5301 aliaque
1113 5239 1376 5301 prmstans
1397 5245 1516 5299 quae
1541 5229 1608 5284 ad
1636 5229 1916 5298 praesentis

317 5327 440 5380 vita:
466 5334 662 5381 statum
687 5324 981 5394 pertinent.
1008 5321 1164 5391 Quod
1195 5323 1240 5377 si
1267 5321 1496 5376 inimicis
1526 5319 1744 5391 quoque
1770 5329 1917 5375 tanta

318 5433 446 5473 cura
476 5417 750 5488 prospicit,
781 5415 965 5471 ﬁdeles
984 5430 1130 5482 suos,
1151 5424 1206 5468 et
1226 5414 1316 5484 qui
1346 5412 1469 5468 totis
1488 5413 1538 5470 ei
1560 5413 1759 5467 viribus
1802 5425 1916 5474 ser;

323 5513 475 5568 viunt
497 5554 513 5580 ,
560 5511 828 5583 quomodo
871 5525 1120 5581 umquam
1151 5506 1634 5564 contemnet?.Non
1664 5507 1735 5561 ita
1760 5547 1775 5570 ,
1808 5521 1915 5560 non

323 5606 394 5661 ita
415 5615 534 5670 est;
563 5619 748 5658 verum
776 5604 906 5658 istos
928 5601 1159 5656 maxime
1177 5615 1244 5656 ex
1267 5598 1516 5656 omnibus
1544 5597 1709 5654 fovet.
1750 5597 1917 5653 Vestra

322 5698 466 5754 enim
492 5739 509 5765 ,
560 5696 765 5767 inquit,
798 5703 842 5750 et
864 5694 1036 5764 capilli
1066 5691 1244 5764 capitis
1290 5707 1462 5746 omnes
1511 5691 1758 5746 numerati
1798 5700 1913 5746 sunt

323 5790 492 5864 (Luc.
523 5788 606 5846 ta.
646 5789 678 5844 7
699 5786 740 5860 ).

1207 341 1300 396 AD
1335 336 1713 397 ετΑσιιυυιί
1746 335 1792 392 Α
1824 331 2120 391 ΒᾸΞΜΟΝΕ
2162 335 2496 396 VEXATUM
2556 333 2701 394 LIB.‘
2724 338 2766 396 Ι,

3501 343 3610 400 458

2093 451 2146 507 6.
2177 451 2451 507 Promissis
2476 452 2566 508 Dei
2587 449 2909 509 credendum.
2940 483 3010 494 —
3036 455 3255 522 Quoties
3281 472 3407 528 ergo
3431 458 3523 513 tibi
3548 461 3625 514 itii.

2021 552 2256 600 mentem
2278 545 2418 599 venit
2443 552 2688 614 parentes
2707 554 2777 611 te,
2799 554 2853 601 et
2868 543 3355 616 patriam,domum,
3377 549 3596 620 amicos,

2018 636 2370 708 propinquos,
2400 650 2633 708 opesque
2663 639 2987 706 innumeras,
3013 647 3068 694 et
3091 639 3314 711 gloriam
3346 640 3491 698 illam
3522 643 3601 698 in-

2025 738 2235 797 gentem
2262 727 2522 799 abjecisse
2546 739 2761 800 propter
2784 728 3077 797 Christum,
3097 731 3395 806 deindeque
3422 733 3608 807 hujus-

2025 820 2169 875 modi
2198 823 2531 876 vexationem
2559 827 2688 892 pati,
2715 822 2822 877 noli
2847 821 3078 894 dejicere
3105 825 3353 897 teipsum.
3373 824 3503 882 Nam
3534 841 3604 884 ex

2025 912 2218 989 quibus
2242 913 2615 984 cogitationum
2636 913 2899 970 haesitatio
2918 914 3238 986 gignitur,ex
3258 916 3461 974 eisdem
3485 935 3606 975 ruro

2024 1018 2117 1058 sus
2138 1004 2394 1082 solvetur.
2416 1005 2666 1073 Quonam
2703 1007 2900 1065 modo?
2920 1009 3259 1082 lmpossibile
3286 1021 3370 1069 est
3396 1011 3614 1068 mentiri

2020 1097 2190 1154 Deum
2204 1095 2543 1167 (Hebr.6.18)
2562 1112 2576 1145 τ
2598 1095 2842 1166 promisit
2863 1103 3040 1150 autem
3061 1096 3148 1150 ille
3161 1098 3329 1152 vitam
3349 1106 3608 1154 aeternam

2027 1185 2127 1238 ista
2154 1172 2592 1254 relinque-litibus.
2634 1185 2914 1268 Reliquisti
2940 1195 2994 1242 tu
3024 1188 3201 1244 omnia
3231 1189 3360 1257 ista,
3381 1199 3436 1246 et
3457 1189 3606 1262 abje‘

2023 1275 2138 1328 cisti
2159 1275 2310 1342 :quid
2336 1275 2492 1346 igitur
2513 1277 2758 1346 prohibet
2780 1277 2847 1334 de
2867 1278 3168 1349 bujusmodi
3189 1283 3457 1340 conlidere
3475 1299 3606 1356 pro—

2022 1367 2318 1422 missione?
2344 1383 2470 1422 num
2491 1377 2557 1423 ea‘
2573 1384 2677 1439 qua
2705 1385 2844 1425 nunc
2865 1372 3104 1440 probaris
3131 1374 3380 1429 tentatio?
3401 1375 3466 1430 Et
3492 1374 3610 1431 hmo

2023 1456 2088 1512 ad
2119 1457 2524 1527 promissionem
2546 1459 2709 1530 quid?
2734 1459 2848 1516 Non
2869 1464 3010 1516 enim
3035 1462 3118 1518 hlc
3145 1473 3396 1520 aeternam
3423 1482 3605 1538 reproa-

2028 1548 2171 1602 misit
2191 1548 2351 1602 vitam
2375 1568 2387 1602 :
2409 1550 2516 1604 imo
2529 1564 2657 1605 vero
2676 1550 2722 1604 si
2734 1551 2790 1605 in
2813 1553 2970 1608 terris
2983 1569 3194 1625 quoque
3208 1555 3469 1626 ejusmodi
3492 1571 3607 1629 pro-

2025 1639 2208 1694 missio
2226 1641 2494 1710 irnplenda
2523 1650 2684 1709 esset,
2717 1655 2786 1698 ne
2827 1645 2906 1699 sic
2943 1645 3158 1715 quidem
3187 1661 3327 1718 aegre
3348 1647 3486 1704 ferre
3514 1649 3613 1705 des

2025 1730 2236 1798 bueras,
2251 1733 2512 1803 siquidem
2531 1733 2740 1790 ﬁdelem
2755 1745 2818 1790 ac
2833 1737 3137 1806 religiosum
3155 1739 3323 1794 virum
3342 1739 3620 1797 adeoean--

2021 1832 2227 1877 stanter
2269 1832 2323 1879 et
2366 1824 2589 1880 ﬁrmiter
2614 1827 2874 1897 promissa
2912 1827 3004 1882 Dei
3031 1836 3214 1886 tenere
3252 1834 3521 1900 convenit,
3549 1843 3605 1890 ut

2020 1916 2399 1987 quantumlibet
2417 1917 2636 1974 eli‘ectus
2650 1920 2951 1975 contrarios
2967 1922 3206 1991 aspiciat,
3221 1939 3291 1978 ne
3301 1925 3375 1980 sic
3388 1925 3605 1996 quidem

2022 2008 2384 2077 perturbetur,
2431 2025 2604 2082 neque
2645 2012 2891 2083 desperet
2918 2023 3184 2069 eventum.
3219 2015 3429 2073 Intuere
3451 2016 3604 2072 deni-

2020 2114 2124 2169 que
2161 2100 2458 2171 cujusmodi
2489 2102 2920 2172 pollicitationem
2951 2103 3419 2163 lidelisAbraham
3446 2121 3602 2164 acce-

2021 2191 2178 2261 perit,
2210 2201 2264 2248 et
2289 2192 2464 2262 qualia
2494 2193 2668 2248 facere
2699 2195 2766 2249 sit
2785 2194 2986 2264 jussus.
3021 2195 3150 2250 Nam
3179 2197 3606 2268 promissioqui.

2017 2284 2139 2339 dem
2164 2293 2301 2352 erat,
2323 2301 2389 2340 ex
2413 2287 2558 2340 Isaac
2580 2285 2904 2357 implendum
2921 2303 3041 2344 esse
3065 2288 3249 2344 orbem
3270 2290 3602 2358 universum;

2013 2374 2184 2445 jussio
2212 2375 2560 2431 autem'hunc
2585 2377 2758 2446 ipsum
2788 2375 2934 2433 lsaac
2972 2377 3247 2435 immolare
3273 2379 3509 2451 urgebat,
3534 2395 3605 2437 ex-

2016 2482 2123 2539 quo
2151 2468 2294 2523 orbis
2324 2476 2463 2522 totus
2493 2478 2607 2523 erat
2634 2468 2954 2540 implendus.
2987 2469 3124 2538 Quid
3162 2471 3363 2542 igitur?
3393 2471 3605 2528 istudno

2019 2559 2346 2629 perturbavit
2384 2559 2585 2629 justum
2630 2559 2845 2618 virum?
2883 2560 3098 2618 Minime
3136 2577 3284 2632 vero,
3334 2563 3443 2620 imo
3480 2579 3604 2621 cum

2018 2660 2160 2707 tanta
2189 2652 2522 2709 dissonantia
2565 2663 2620 2709 et
2648 2656 2993 2725 repugnantia
3017 2649 3162 2712 esset
3192 2657 3442 2728 praecepti
3479 2672 3602 2714 cum

2020 2745 2301 2812 promisso,
2345 2759 2449 2798 non
2501 2745 2740 2801 turbatus
2769 2757 2872 2814 est,
2903 2763 3076 2819 neque
3115 2748 3398 2816 haesitavit,
3430 2764 3605 2822 neq-ua

2017 2835 2213 2904 aliquid
2247 2835 2549 2905 huiusmodi
2579 2837 2828 2907 loquutus
2874 2848 2957 2893 est
2986 2856 3000 2892 :
3031 2840 3145 2895 Alia
3199 2843 3450 2910 promisit
3473 2844 3604 2900 mihi

2021 2926 2179 2992 Deus,
2221 2927 2325 2981 alia
2355 2929 2533 2984 facere
2565 2929 2716 2998 jubet
2747 2947 2762 2983 :
2794 2946 2860 2985 ex
2891 2946 3056 2999 puero
3106 2933 3208 2988 isto
3237 2928 3492 3006 nepotum
3520 2939 3608 2992 in-

2016 3025 2227 3086 gentem
2257 3015 2650 3073 multitudinem
2672 3020 2798 3100 mihi
2823 3024 3156 3090 promiserat,
3179 3034 3235 3082 et
3263 3025 3404 3082 hunc
3430 3028 3606 3099 ipsum

2021 3109 2184 3164 modo
2208 3124 2400 3164 necare
2423 3110 2552 3164 mihi
2582 3113 2862 3183 praecipit?
2890 3115 3159 3185 quomodo
3186 3118 3344 3187 igitur
3372 3116 3474 3174 hoc
3497 3121 3602 3176 erit

2017 3200 2194 3255 excisa
2225 3201 2447 3256 radice?
2471 3201 2683 3257 Felellit
2721 3218 2808 3258 me
2844 3205 3004 3274 igitur
3029 3215 3187 3276 atque
3213 3205 3427 3263 delusit.
3458 3209 3604 3270 Nihil

2017 3308 2238 3364 prorsus
2265 3293 2571 3364 hujusmodi
2599 3296 2847 3367 loquutus
2863 3304 2964 3361 est,
2992 3298 3086 3353 sed
3117 3314 3183 3354 ne
3206 3301 3456 3370 cogitavit
3479 3305 3600 3374 qui-

2011 3386 2157 3441 dem:
2175 3394 2230 3442 et
2247 3388 2440 3443 merito
2450 3401 2602 3444 sane.
2621 3387 2757 3442 Cum
2772 3389 2917 3444 enim
2938 3386 3082 3444 Deus
3101 3389 3304 3460 aliquid
3322 3393 3605 3461 pollicitus

2011 3475 2197 3546 fuerit,
2223 3472 2438 3537 etiamsi
2463 3479 2632 3534 millia
2653 3481 2765 3536 sint
2784 3495 2906 3551 quae
2925 3481 3378 3552 pollicitationem
3403 3483 3600 3542 tollere

2009 3567 2328 3637 videantur,
2355 3572 2565 3626 turbari
2586 3572 2812 3626 minime
2828 3574 3109 3637 convenit,
3136 3583 3232 3629 aut
3255 3573 3324 3630 de
3357 3573 3463 3630 ﬁne
3490 3575 3599 3632 du-

2010 3660 2208 3718 bitare.
2229 3665 2345 3718 Hoc
2365 3665 2510 3719 enim
2533 3662 2770 3718 maxime
2788 3664 2881 3720 Dei
2897 3666 3201 3735 potentiam
3221 3669 3592 3734 commendat,

2011 3750 2138 3805 dum
2173 3751 2227 3806 in
2265 3753 2431 3809 rebus
2461 3754 2734 3825 ambiguis
2761 3755 2970 3809 exitum
3003 3758 3243 3826 reperit;
3275 3758 3438 3814 sicuti
3464 3769 3600 3817 tunc

2009 3845 2201 3908 beatus
2217 3846 2308 3900 ille
2324 3862 2510 3902 secum
2527 3848 2833 3917 reputabat.
2846 3846 3119 3914 Quocirca
3141 3849 3300 3906 ﬁdem
3320 3853 3469 3910 illius
3489 3869 3611 3910 mat

2012 3939 2153 3995 xime
2173 3939 2456 3994 admirans
2472 3939 2697 4002 Paulus,
2713 3940 2892 3995 aiebat
2914 3958 2926 3994 :
2951 3936 3085 3996 Fide
3107 3941 3298 3996 obtulit
3323 3944 3602 4000 Abraham

2012 4030 2169 4085 Isaac
2184 4033 2311 4085 dum
2329 4029 2854 4102 tsntareturUlser
2867 4031 2950 4086 l-l
2962 4031 3604 4109 7),unigenitumque.of-

2009 4123 2216 4180 ferebat
2228 4125 2391 4195 is,qui
2412 4123 2804 4194 promissiones
2814 4127 3241 4195 acceperatzhaee
3257 4129 3373 4199 ipsa
3386 4129 3605 4184 scilicet

2020 4211 2294 4265 insinuans
2313 4221 2470 4280 atque
2488 4210 2848 4277 subindieans,
2869 4227 2987 4282 qum
3005 4227 3144 4267 nunc
3159 4227 3189 4266 a
3205 4228 3291 4268 me
3305 4216 3616 4272 suntdicta.

2089 4326 2302 4396 Josepln'
2342 4325 2571 4395 exemplo
2593 4342 2699 4380 rem
2718 4325 2962 4380 illustrat.
2989 4356 3061 4367 —
3084 4325 3198 4381 Non
3223 4327 3384 4382 modo
3427 4338 3605 4390 autem

2021 4421 2153 4490 ipse,
2183 4435 2366 4476 verum
2397 4419 2565 4490 ipsius
2589 4431 2801 4489 quoque
2832 4431 3098 4488 pronepos
3124 4418 3340 4490 Josepb,
3368 4436 3489 4475 cum
3513 4433 3623 4491 per-

2021 4513 2234 4582 longum
2275 4519 2486 4581 tempus
2523 4518 2577 4566 et
2603 4510 2781 4564 varios
2823 4523 2978 4565 casus
3020 4511 3431 4581 promissionem
3463 4513 3606 4582 peri-

2021 4605 2190 4660 clitari
2242 4604 2601 4674 perspiceret,
2653 4601 2940 4659 immobilis
2997 4604 3270 4675 perstitit:
3302 4605 3417 4661 sola
3457 4606 3604 4662 enim

2022 4699 2280 4768 promissa
2311 4697 2634 4752 intuebatur.
2664 4696 2814 4765 Quod
2842 4697 2888 4751 si
2919 4694 3166 4752 humanis
3195 4697 3611 4769 cogitationibus

2021 4793 2196 4847 locum
2219 4791 2474 4858 dedisset,
2497 4791 2564 4846 de
2593 4791 2699 4846 line
2728 4790 3084 4859 desperasset.
3109 4790 3242 4846 Nam
3270 4793 3484 4847 ostensa
3506 4791 3608 4848 sibi

2020 4884 2155 4940 visio
2180 4892 2236 4939 et
2260 4882 2478 4939 fratrum
2511 4894 2564 4939 et
2595 4891 2875 4954 parentum
2916 4881 3281 4937 adorationem
3312 4881 3608 4953 polliceba-

2022 4987 2106 5033 tur
2131 4996 2145 5035 :
2173 4992 2291 5048 quae
2315 4992 2444 5033 vero
2473 4976 2549 5031 illi
2583 4974 2982 5046 contingebant,
3014 4988 3120 5030 non
3147 4982 3302 5030 erant
3329 4975 3608 5045 hnjusmo-

2021 5072 2095 5137 di,
2125 5070 2220 5125 sed
2265 5067 2333 5124 ab
2361 5069 2444 5125 his
2473 5067 2781 5139 longissime
2818 5075 3045 5122 remota.
3077 5065 3314 5121 Primum
3344 5068 3486 5122 enim
3533 5068 3610 5122 illi

2021 5162 2119 5232 ipsi
2148 5159 2360 5227 fratres,
2388 5175 2523 5230 quos
2552 5175 2611 5214 se
2639 5157 2955 5230 praeviderat
2981 5157 3315 5225 adoraturos,
3350 5157 3404 5212 in
3430 5158 3617 5214 lacum

2021 5252 2170 5306 illum
2214 5251 2475 5320 injiciunt,
2507 5265 2570 5305 ac
2619 5249 2860 5304 barbaris
2899 5247 3206 5303 hominibus
3247 5247 3519 5303 venditum
3552 5249 3604 5303 in

2021 5342 2247 5397 alienam
2278 5357 2341 5397 ac
2369 5340 2783 5396 remotissimam
2829 5340 3112 5409 regionem
3150 5337 3416 5401 emittunt,
3449 5347 3610 5409 atque

2021 5436 2156 5491 adeo
2184 5435 2450 5490 contraria
2494 5431 2769 5503 promissis
2793 5447 2857 5487 ea
2883 5447 3002 5502 qua:
3043 5431 3424 5502 contingebant
3461 5431 3609 5486 vide-

2022 5529 2232 5594 bantur,
2271 5535 2332 5580 ut
2376 5523 2560 5580 miseri
2607 5524 2683 5579 illi
2731 5522 3123 5578 subsannantes
3167 5537 3290 5576 eum
3321 5521 3607 5579 dicerent:

2026 5617 2156 5672 Ecce
2202 5614 2479 5671 somniator
2517 5613 2606 5669 ille
2645 5615 2820 5668 venit:
2847 5628 2982 5667 nunc
3023 5629 3140 5684 ergo
3183 5614 3362 5677 venite,
3406 5613 3608 5667 occida-

2022 5725 2132 5764 mus
2157 5724 2290 5774 eum,
2330 5716 2376 5761 et
2405 5707 2733 5776 proﬁciamus
2768 5706 2821 5758 in
2846 5705 3036 5769 lacum,
3069 5703 3385 5773 dicemusque
3414 5719 3432 5758 :
3474 5702 3618 5758 Feres

2025 5803 2239 5875 pessima
2280 5799 2529 5856 devoravit
2559 5814 2669 5853 cum
2692 5812 2712 5863 ;
2740 5806 2784 5852 et
2814 5795 3087 5854 videbimus
3129 5795 3252 5868 quid
3281 5795 3617 5852 somnia-sua
