  <div class='ocr_page' id='page_1' title='image "/cluster/home/n/w/nwhite01/storage/ocr_20150623/47/pst.000005712441/401.png"; bbox 0 0 4266 6314; ppageno 0'>
   <div class='ocr_carea' id='block_1_1' title="bbox 682 322 785 377">
    <p class='ocr_par' dir='ltr' id='par_1_1' title="bbox 682 322 785 377">
     <span class='ocr_line' id='line_1_1' title="bbox 682 322 785 377; baseline 0 -1"><span class='ocrx_word' id='word_1_1' title='bbox 682 322 785 377; x_wconf 71' lang='grc'><strong>659</strong></span> 
     </span>
    </p>
   </div>
   <div class='ocr_carea' id='block_1_2' title="bbox 678 429 2266 508">
    <p class='ocr_par' dir='ltr' id='par_1_2' title="bbox 678 429 2266 508">
     <span class='ocr_line' id='line_1_2' title="bbox 678 429 2266 508; baseline -0.006 -15"><span class='ocrx_word' id='word_1_2' title='bbox 678 441 775 508; x_wconf 79' lang='lat' dir='ltr'><strong>ipsi</strong></span> <span class='ocrx_word' id='word_1_3' title='bbox 805 438 1079 506; x_wconf 83' lang='lat' dir='ltr'><strong>proderunt</strong></span> <span class='ocrx_word' id='word_1_4' title='bbox 1109 432 1261 504; x_wconf 75' lang='lat' dir='ltr'><strong>(Ceu.</strong></span> <span class='ocrx_word' id='word_1_5' title='bbox 1311 434 1401 487; x_wconf 73' lang='grc'><strong>57.</strong></span> <span class='ocrx_word' id='word_1_6' title='bbox 1444 432 1528 488; x_wconf 79' lang='grc'><strong>19.</strong></span> <span class='ocrx_word' id='word_1_7' title='bbox 1559 430 1674 499; x_wconf 72' lang='grc'><strong>20).</strong></span> <span class='ocrx_word' id='word_1_8' title='bbox 1721 431 1911 486; x_wconf 84' lang='lat' dir='ltr'><strong>Postea</strong></span> <span class='ocrx_word' id='word_1_9' title='bbox 1940 445 2069 486; x_wconf 85' lang='lat' dir='ltr'><strong>vero</strong></span> <span class='ocrx_word' id='word_1_10' title='bbox 2096 429 2148 494; x_wconf 74' lang='lat' dir='ltr'><strong>ii,</strong></span> <span class='ocrx_word' id='word_1_11' title='bbox 2177 429 2266 500; x_wconf 85' lang='lat' dir='ltr'><strong>qui</strong></span> 
     </span>
    </p>
   </div>
   <div class='ocr_carea' id='block_1_3' title="bbox 680 524 2266 592">
    <p class='ocr_par' dir='ltr' id='par_1_3' title="bbox 680 524 2266 592">
     <span class='ocr_line' id='line_1_3' title="bbox 680 524 2266 592; baseline -0.004 -7"><span class='ocrx_word' id='word_1_12' title='bbox 680 533 829 585; x_wconf 83' lang='lat' dir='ltr'><strong>illum</strong></span> <span class='ocrx_word' id='word_1_13' title='bbox 872 538 1130 592; x_wconf 87' lang='lat' dir='ltr'><strong>emerant,</strong></span> <span class='ocrx_word' id='word_1_14' title='bbox 1175 543 1280 583; x_wconf 87' lang='lat' dir='ltr'><strong>non</strong></span> <span class='ocrx_word' id='word_1_15' title='bbox 1309 529 1496 583; x_wconf 84' lang='lat' dir='ltr'><strong>saltem</strong></span> <span class='ocrx_word' id='word_1_16' title='bbox 1540 526 1712 582; x_wconf 88' lang='lat' dir='ltr'><strong>libero</strong></span> <span class='ocrx_word' id='word_1_17' title='bbox 1739 525 1959 592; x_wconf 82' lang='lat' dir='ltr'><strong>homini,</strong></span> <span class='ocrx_word' id='word_1_18' title='bbox 1991 524 2085 580; x_wconf 85' lang='lat' dir='ltr'><strong>sed</strong></span> <span class='ocrx_word' id='word_1_19' title='bbox 2113 539 2266 582; x_wconf 88' lang='lat' dir='ltr'><strong>servo</strong></span> 
     </span>
    </p>
   </div>
   <div class='ocr_carea' id='block_1_4' title="bbox 679 612 2264 691">
    <p class='ocr_par' dir='ltr' id='par_1_4' title="bbox 679 612 2264 691">
     <span class='ocr_line' id='line_1_4' title="bbox 679 612 2264 691; baseline -0.006 -15"><span class='ocrx_word' id='word_1_20' title='bbox 679 623 830 676; x_wconf 89' lang='lat' dir='ltr'><strong>illum</strong></span> <span class='ocrx_word' id='word_1_21' title='bbox 860 621 1005 691; x_wconf 82' lang='lat' dir='ltr'><strong>regio</strong></span> <span class='ocrx_word' id='word_1_22' title='bbox 1036 619 1271 674; x_wconf 86' lang='lat' dir='ltr'><strong>vendunt</strong></span> <span class='ocrx_word' id='word_1_23' title='bbox 1298 619 1508 677; x_wconf 84' lang='lat' dir='ltr'><strong>iterum,</strong></span> <span class='ocrx_word' id='word_1_24' title='bbox 1551 616 1736 683; x_wconf 74' lang='lat' dir='ltr'><strong>Neque</strong></span> <span class='ocrx_word' id='word_1_25' title='bbox 1761 615 2013 670; x_wconf 77' lang='lat' dir='ltr'><strong>hactenus</strong></span> <span class='ocrx_word' id='word_1_26' title='bbox 2043 612 2264 668; x_wconf 87' lang='lat' dir='ltr'><strong>adversa</strong></span> 
     </span>
    </p>
   </div>
   <div class='ocr_carea' id='block_1_5' title="bbox 678 705 2265 777">
    <p class='ocr_par' dir='ltr' id='par_1_5' title="bbox 678 705 2265 777">
     <span class='ocr_line' id='line_1_5' title="bbox 678 705 2265 777; baseline -0.008 -10"><span class='ocrx_word' id='word_1_27' title='bbox 678 721 962 777; x_wconf 80' lang='lat' dir='ltr'><strong>steterunt,</strong></span> <span class='ocrx_word' id='word_1_28' title='bbox 992 711 1086 776; x_wconf 78' lang='lat' dir='ltr'><strong>sed</strong></span> <span class='ocrx_word' id='word_1_29' title='bbox 1116 712 1168 767; x_wconf 90' lang='lat' dir='ltr'><strong>in</strong></span> <span class='ocrx_word' id='word_1_30' title='bbox 1211 710 1439 765; x_wconf 76' lang='lat' dir='ltr'><strong>domina.-</strong></span> <span class='ocrx_word' id='word_1_31' title='bbox 1465 708 1781 763; x_wconf 82' lang='lat' dir='ltr'><strong>ealumniam</strong></span> <span class='ocrx_word' id='word_1_32' title='bbox 1809 705 2012 773; x_wconf 89' lang='lat' dir='ltr'><strong>incidit,</strong></span> <span class='ocrx_word' id='word_1_33' title='bbox 2041 705 2265 760; x_wconf 88' lang='lat' dir='ltr'><strong>damna-</strong></span> 
     </span>
    </p>
   </div>
   <div class='ocr_carea' id='block_1_6' title="bbox 682 795 2264 872">
    <p class='ocr_par' dir='ltr' id='par_1_6' title="bbox 682 795 2264 872">
     <span class='ocr_line' id='line_1_6' title="bbox 682 795 2264 872; baseline -0.005 -16"><span class='ocrx_word' id='word_1_34' title='bbox 682 811 871 872; x_wconf 89' lang='lat' dir='ltr'><strong>tusque</strong></span> <span class='ocrx_word' id='word_1_35' title='bbox 903 817 1170 858; x_wconf 81' lang='lat' dir='ltr'><strong>carcerem</strong></span> <span class='ocrx_word' id='word_1_36' title='bbox 1200 813 1370 854; x_wconf 87' lang='lat' dir='ltr'><strong>annos</strong></span> <span class='ocrx_word' id='word_1_37' title='bbox 1396 799 1654 870; x_wconf 67' lang='lat' dir='ltr'><strong>plurimos</strong></span> <span class='ocrx_word' id='word_1_38' title='bbox 1680 797 1900 862; x_wconf 81' lang='lat' dir='ltr'><strong>habitat,</strong></span> <span class='ocrx_word' id='word_1_39' title='bbox 1928 805 1980 851; x_wconf 90' lang='lat' dir='ltr'><strong>et</strong></span> <span class='ocrx_word' id='word_1_40' title='bbox 2009 795 2264 865; x_wconf 79' lang='lat' dir='ltr'><strong>effugien-</strong></span> 
     </span>
    </p>
   </div>
   <div class='ocr_carea' id='block_1_7' title="bbox 682 885 2261 963">
    <p class='ocr_par' dir='ltr' id='par_1_7' title="bbox 682 885 2261 963">
     <span class='ocr_line' id='line_1_7' title="bbox 682 885 2261 963; baseline -0.008 -14"><span class='ocrx_word' id='word_1_41' title='bbox 682 895 818 949; x_wconf 85' lang='lat' dir='ltr'><strong>tibus</strong></span> <span class='ocrx_word' id='word_1_42' title='bbox 849 894 1075 960; x_wconf 78' lang='lat' dir='ltr'><strong>caeteris,</strong></span> <span class='ocrx_word' id='word_1_43' title='bbox 1119 891 1377 963; x_wconf 85' lang='lat' dir='ltr'><strong>ampliore</strong></span> <span class='ocrx_word' id='word_1_44' title='bbox 1422 890 1528 945; x_wconf 91' lang='lat' dir='ltr'><strong>illic</strong></span> <span class='ocrx_word' id='word_1_45' title='bbox 1554 900 1794 960; x_wconf 89' lang='lat' dir='ltr'><strong>tempore</strong></span> <span class='ocrx_word' id='word_1_46' title='bbox 1837 888 1950 958; x_wconf 88' lang='lat' dir='ltr'><strong>ipse</strong></span> <span class='ocrx_word' id='word_1_47' title='bbox 1995 885 2261 957; x_wconf 84' lang='lat' dir='ltr'><strong>perdurat.</strong></span> 
     </span>
    </p>
   </div>
   <div class='ocr_carea' id='block_1_8' title="bbox 680 977 2266 1056">
    <p class='ocr_par' dir='ltr' id='par_1_8' title="bbox 680 977 2266 1056">
     <span class='ocr_line' id='line_1_8' title="bbox 680 977 2266 1056; baseline -0.006 -15"><span class='ocrx_word' id='word_1_48' title='bbox 680 985 924 1056; x_wconf 87' lang='lat' dir='ltr'><strong>Cumque</strong></span> <span class='ocrx_word' id='word_1_49' title='bbox 965 995 1107 1040; x_wconf 88' lang='lat' dir='ltr'><strong>tanta</strong></span> <span class='ocrx_word' id='word_1_50' title='bbox 1152 993 1334 1038; x_wconf 87' lang='lat' dir='ltr'><strong>essent</strong></span> <span class='ocrx_word' id='word_1_51' title='bbox 1361 997 1478 1052; x_wconf 71' lang='lat' dir='ltr'><strong>quae</strong></span> <span class='ocrx_word' id='word_1_52' title='bbox 1523 982 1663 1036; x_wconf 88' lang='lat' dir='ltr'><strong>illius</strong></span> <span class='ocrx_word' id='word_1_53' title='bbox 1691 981 1926 1035; x_wconf 89' lang='lat' dir='ltr'><strong>animum</strong></span> <span class='ocrx_word' id='word_1_54' title='bbox 1958 977 2266 1048; x_wconf 83' lang='lat' dir='ltr'><strong>perturbare</strong></span> 
     </span>
    </p>
   </div>
   <div class='ocr_carea' id='block_1_9' title="bbox 682 1069 2266 1148">
    <p class='ocr_par' dir='ltr' id='par_1_9' title="bbox 682 1069 2266 1148">
     <span class='ocr_line' id='line_1_9' title="bbox 682 1069 2266 1148; baseline -0.005 -17"><span class='ocrx_word' id='word_1_55' title='bbox 682 1087 918 1148; x_wconf 85' lang='lat' dir='ltr'><strong>possent,</strong></span> <span class='ocrx_word' id='word_1_56' title='bbox 948 1084 1201 1130; x_wconf 76' lang='lat' dir='ltr'><strong>constans</strong></span> <span class='ocrx_word' id='word_1_57' title='bbox 1241 1083 1418 1129; x_wconf 82' lang='lat' dir='ltr'><strong>tamen</strong></span> <span class='ocrx_word' id='word_1_58' title='bbox 1469 1080 1788 1143; x_wconf 84' lang='lat' dir='ltr'><strong>perseverat.</strong></span> <span class='ocrx_word' id='word_1_59' title='bbox 1818 1069 2088 1140; x_wconf 83' lang='lat' dir='ltr'><strong>Ejusmodi</strong></span> <span class='ocrx_word' id='word_1_60' title='bbox 2140 1085 2266 1124; x_wconf 88' lang='lat' dir='ltr'><strong>vero</strong></span> 
     </span>
    </p>
   </div>
   <div class='ocr_carea' id='block_1_10' title="bbox 679 1159 2265 1232">
    <p class='ocr_par' dir='ltr' id='par_1_10' title="bbox 679 1159 2265 1232">
     <span class='ocr_line' id='line_1_10' title="bbox 679 1159 2265 1232; baseline -0.006 -10"><span class='ocrx_word' id='word_1_61' title='bbox 679 1169 835 1222; x_wconf 88' lang='lat' dir='ltr'><strong>etiam</strong></span> <span class='ocrx_word' id='word_1_62' title='bbox 866 1176 1047 1221; x_wconf 88' lang='lat' dir='ltr'><strong>nostra</strong></span> <span class='ocrx_word' id='word_1_63' title='bbox 1078 1172 1223 1232; x_wconf 86' lang='lat' dir='ltr'><strong>sunt,</strong></span> <span class='ocrx_word' id='word_1_64' title='bbox 1252 1164 1358 1219; x_wconf 89' lang='lat' dir='ltr'><strong>imo</strong></span> <span class='ocrx_word' id='word_1_65' title='bbox 1405 1178 1533 1219; x_wconf 91' lang='lat' dir='ltr'><strong>vero</strong></span> <span class='ocrx_word' id='word_1_66' title='bbox 1564 1162 1718 1232; x_wconf 85' lang='lat' dir='ltr'><strong>longe</strong></span> <span class='ocrx_word' id='word_1_67' title='bbox 1749 1161 2102 1231; x_wconf 74' lang='lat' dir='ltr'><strong>perplexiora.</strong></span> <span class='ocrx_word' id='word_1_68' title='bbox 2137 1159 2265 1227; x_wconf 73' lang='lat' dir='ltr'><strong>Qua:</strong></span> 
     </span>
    </p>
   </div>
   <div class='ocr_carea' id='block_1_11' title="bbox 678 1252 2264 1328">
    <p class='ocr_par' dir='ltr' id='par_1_11' title="bbox 678 1252 2264 1328">
     <span class='ocr_line' id='line_1_11' title="bbox 678 1252 2264 1328; baseline -0.005 -15"><span class='ocrx_word' id='word_1_69' title='bbox 678 1260 819 1314; x_wconf 90' lang='lat' dir='ltr'><strong>enim</strong></span> <span class='ocrx_word' id='word_1_70' title='bbox 848 1258 1102 1328; x_wconf 88' lang='lat' dir='ltr'><strong>promissa</strong></span> <span class='ocrx_word' id='word_1_71' title='bbox 1151 1266 1274 1311; x_wconf 90' lang='lat' dir='ltr'><strong>sunt</strong></span> <span class='ocrx_word' id='word_1_72' title='bbox 1303 1255 1476 1323; x_wconf 85' lang='lat' dir='ltr'><strong>nobis,</strong></span> <span class='ocrx_word' id='word_1_73' title='bbox 1522 1270 1742 1324; x_wconf 77' lang='lat' dir='ltr'><strong>regnum</strong></span> <span class='ocrx_word' id='word_1_74' title='bbox 1770 1254 2042 1317; x_wconf 68' lang='lat' dir='ltr'><strong>cazlorum,</strong></span> <span class='ocrx_word' id='word_1_75' title='bbox 2081 1262 2135 1306; x_wconf 91' lang='lat' dir='ltr'><strong>et</strong></span> <span class='ocrx_word' id='word_1_76' title='bbox 2161 1252 2264 1305; x_wconf 86' lang='lat' dir='ltr'><strong>vita</strong></span> 
     </span>
    </p>
   </div>
   <div class='ocr_carea' id='block_1_12' title="bbox 677 1345 2266 1420">
    <p class='ocr_par' dir='ltr' id='par_1_12' title="bbox 677 1345 2266 1420">
     <span class='ocr_line' id='line_1_12' title="bbox 677 1345 2266 1420; baseline -0.006 -13"><span class='ocrx_word' id='word_1_77' title='bbox 677 1363 896 1420; x_wconf 73' lang='lat' dir='ltr'><strong>:L-terna,</strong></span> <span class='ocrx_word' id='word_1_78' title='bbox 946 1360 1000 1406; x_wconf 91' lang='lat' dir='ltr'><strong>et</strong></span> <span class='ocrx_word' id='word_1_79' title='bbox 1047 1351 1392 1419; x_wconf 74' lang='lat' dir='ltr'><strong>incorruptio,</strong></span> <span class='ocrx_word' id='word_1_80' title='bbox 1440 1356 1494 1402; x_wconf 90' lang='lat' dir='ltr'><strong>ct</strong></span> <span class='ocrx_word' id='word_1_81' title='bbox 1536 1348 1739 1402; x_wconf 85' lang='lat' dir='ltr'><strong>infinita</strong></span> <span class='ocrx_word' id='word_1_82' title='bbox 1785 1354 1911 1400; x_wconf 89' lang='lat' dir='ltr'><strong>sunt</strong></span> <span class='ocrx_word' id='word_1_83' title='bbox 1939 1345 2113 1410; x_wconf 85' lang='lat' dir='ltr'><strong>bona;</strong></span> <span class='ocrx_word' id='word_1_84' title='bbox 2146 1362 2266 1414; x_wconf 70' lang='lat' dir='ltr'><strong>qua:</strong></span> 
     </span>
    </p>
   </div>
   <div class='ocr_carea' id='block_1_13' title="bbox 676 1436 2266 1510">
    <p class='ocr_par' dir='ltr' id='par_1_13' title="bbox 676 1436 2266 1510">
     <span class='ocr_line' id='line_1_13' title="bbox 676 1436 2266 1510; baseline -0.004 -12"><span class='ocrx_word' id='word_1_85' title='bbox 676 1456 852 1498; x_wconf 86' lang='lat' dir='ltr'><strong>autem</strong></span> <span class='ocrx_word' id='word_1_86' title='bbox 883 1445 1091 1496; x_wconf 80' lang='lat' dir='ltr'><strong>interim</strong></span> <span class='ocrx_word' id='word_1_87' title='bbox 1136 1441 1473 1510; x_wconf 86' lang='lat' dir='ltr'><strong>contingunt,</strong></span> <span class='ocrx_word' id='word_1_88' title='bbox 1499 1438 1650 1492; x_wconf 90' lang='lat' dir='ltr'><strong>valde</strong></span> <span class='ocrx_word' id='word_1_89' title='bbox 1677 1438 1742 1492; x_wconf 87' lang='lat' dir='ltr'><strong>ab</strong></span> <span class='ocrx_word' id='word_1_90' title='bbox 1769 1436 1852 1491; x_wconf 86' lang='lat' dir='ltr'><strong>bis</strong></span> <span class='ocrx_word' id='word_1_91' title='bbox 1877 1443 2080 1491; x_wconf 90' lang='lat' dir='ltr'><strong>remota</strong></span> <span class='ocrx_word' id='word_1_92' title='bbox 2108 1447 2266 1505; x_wconf 88' lang='lat' dir='ltr'><strong>atque</strong></span> 
     </span>
    </p>
   </div>
   <div class='ocr_carea' id='block_1_14' title="bbox 675 1529 2257 1600">
    <p class='ocr_par' dir='ltr' id='par_1_14' title="bbox 675 1529 2257 1600">
     <span class='ocr_line' id='line_1_14' title="bbox 675 1529 2257 1600; baseline -0.006 -12"><span class='ocrx_word' id='word_1_93' title='bbox 675 1536 846 1590; x_wconf 86' lang='lat' dir='ltr'><strong>aliena</strong></span> <span class='ocrx_word' id='word_1_94' title='bbox 872 1544 994 1589; x_wconf 90' lang='lat' dir='ltr'><strong>sunt</strong></span> <span class='ocrx_word' id='word_1_95' title='bbox 1020 1553 1031 1587; x_wconf 92' lang='lat'><strong>:</strong></span> <span class='ocrx_word' id='word_1_96' title='bbox 1061 1549 1206 1589; x_wconf 89' lang='lat' dir='ltr'><strong>mors</strong></span> <span class='ocrx_word' id='word_1_97' title='bbox 1235 1533 1439 1588; x_wconf 84' lang='lat' dir='ltr'><strong>scilicet</strong></span> <span class='ocrx_word' id='word_1_98' title='bbox 1465 1539 1519 1586; x_wconf 90' lang='lat' dir='ltr'><strong>et</strong></span> <span class='ocrx_word' id='word_1_99' title='bbox 1544 1529 1834 1600; x_wconf 84' lang='lat' dir='ltr'><strong>corruptio,</strong></span> <span class='ocrx_word' id='word_1_100' title='bbox 1867 1544 2024 1599; x_wconf 74' lang='lat' dir='ltr'><strong>poma</strong></span> <span class='ocrx_word' id='word_1_101' title='bbox 2048 1540 2100 1584; x_wconf 91' lang='lat' dir='ltr'><strong>et</strong></span> <span class='ocrx_word' id='word_1_102' title='bbox 2130 1545 2257 1598; x_wconf 69' lang='lat' dir='ltr'><strong>sup.</strong></span> 
     </span>
    </p>
   </div>
   <div class='ocr_carea' id='block_1_15' title="bbox 677 1620 2266 1697">
    <p class='ocr_par' dir='ltr' id='par_1_15' title="bbox 677 1620 2266 1697">
     <span class='ocr_line' id='line_1_15' title="bbox 677 1620 2266 1697; baseline -0.004 -16"><span class='ocrx_word' id='word_1_103' title='bbox 677 1628 929 1697; x_wconf 88' lang='lat' dir='ltr'><strong>plicium,</strong></span> <span class='ocrx_word' id='word_1_104' title='bbox 967 1635 1022 1682; x_wconf 90' lang='lat' dir='ltr'><strong>et</strong></span> <span class='ocrx_word' id='word_1_105' title='bbox 1066 1624 1386 1680; x_wconf 83' lang='lat' dir='ltr'><strong>tentationes</strong></span> <span class='ocrx_word' id='word_1_106' title='bbox 1428 1623 1590 1678; x_wconf 58' lang='lat' dir='ltr'><strong>varia</strong></span> <span class='ocrx_word' id='word_1_107' title='bbox 1632 1637 1694 1678; x_wconf 90' lang='lat' dir='ltr'><strong>ac</strong></span> <span class='ocrx_word' id='word_1_108' title='bbox 1735 1621 2059 1691; x_wconf 83' lang='lat' dir='ltr'><strong>frequentes.</strong></span> <span class='ocrx_word' id='word_1_109' title='bbox 2102 1620 2266 1686; x_wconf 86' lang='lat' dir='ltr'><strong>Cujus</strong></span> 
     </span>
    </p>
   </div>
   <div class='ocr_carea' id='block_1_16' title="bbox 675 1713 2263 1788">
    <p class='ocr_par' dir='ltr' id='par_1_16' title="bbox 675 1713 2263 1788">
     <span class='ocr_line' id='line_1_16' title="bbox 675 1713 2263 1788; baseline -0.004 -15"><span class='ocrx_word' id='word_1_110' title='bbox 675 1733 801 1788; x_wconf 89' lang='lat' dir='ltr'><strong>ergo</strong></span> <span class='ocrx_word' id='word_1_111' title='bbox 831 1719 906 1774; x_wconf 89' lang='lat' dir='ltr'><strong>rei</strong></span> <span class='ocrx_word' id='word_1_112' title='bbox 932 1717 1097 1787; x_wconf 89' lang='lat' dir='ltr'><strong>gratia</strong></span> <span class='ocrx_word' id='word_1_113' title='bbox 1142 1714 1243 1769; x_wconf 85' lang='lat' dir='ltr'><strong>hoc</strong></span> <span class='ocrx_word' id='word_1_114' title='bbox 1273 1714 1395 1770; x_wconf 90' lang='lat' dir='ltr'><strong>facit</strong></span> <span class='ocrx_word' id='word_1_115' title='bbox 1423 1715 1581 1775; x_wconf 85' lang='lat' dir='ltr'><strong>Deus,</strong></span> <span class='ocrx_word' id='word_1_116' title='bbox 1616 1714 1975 1783; x_wconf 87' lang='lat' dir='ltr'><strong>permittitque</strong></span> <span class='ocrx_word' id='word_1_117' title='bbox 1999 1713 2263 1766; x_wconf 89' lang='lat' dir='ltr'><strong>contraria</strong></span> 
     </span>
    </p>
   </div>
   <div class='ocr_carea' id='block_1_17' title="bbox 676 1805 2264 1879">
    <p class='ocr_par' dir='ltr' id='par_1_17' title="bbox 676 1805 2264 1879">
     <span class='ocr_line' id='line_1_17' title="bbox 676 1805 2264 1879; baseline -0.004 -15"><span class='ocrx_word' id='word_1_118' title='bbox 676 1811 951 1879; x_wconf 77' lang='lat' dir='ltr'><strong>promissis</strong></span> <span class='ocrx_word' id='word_1_119' title='bbox 981 1810 1275 1865; x_wconf 83' lang='lat' dir='ltr'><strong>advenire?</strong></span> <span class='ocrx_word' id='word_1_120' title='bbox 1303 1808 1560 1863; x_wconf 81' lang='lat' dir='ltr'><strong>Nimirum</strong></span> <span class='ocrx_word' id='word_1_121' title='bbox 1592 1816 1648 1861; x_wconf 86' lang='lat' dir='ltr'><strong>tit</strong></span> <span class='ocrx_word' id='word_1_122' title='bbox 1677 1822 1742 1860; x_wconf 75' lang='lat' dir='ltr'><strong>ex</strong></span> <span class='ocrx_word' id='word_1_123' title='bbox 1771 1805 1871 1860; x_wconf 85' lang='lat' dir='ltr'><strong>hoc</strong></span> <span class='ocrx_word' id='word_1_124' title='bbox 1895 1805 2002 1860; x_wconf 87' lang='lat' dir='ltr'><strong>duo</strong></span> <span class='ocrx_word' id='word_1_125' title='bbox 2035 1805 2264 1859; x_wconf 83' lang='lat' dir='ltr'><strong>maxima</strong></span> 
     </span>
    </p>
   </div>
   <div class='ocr_carea' id='block_1_18' title="bbox 674 1896 2264 1967">
    <p class='ocr_par' dir='ltr' id='par_1_18' title="bbox 674 1896 2264 1967">
     <span class='ocr_line' id='line_1_18' title="bbox 674 1896 2264 1967; baseline -0.003 -12"><span class='ocrx_word' id='word_1_126' title='bbox 674 1903 813 1957; x_wconf 81' lang='lat' dir='ltr'><strong>bona</strong></span> <span class='ocrx_word' id='word_1_127' title='bbox 854 1902 1028 1957; x_wconf 84' lang='lat' dir='ltr'><strong>eiiciat</strong></span> <span class='ocrx_word' id='word_1_128' title='bbox 1055 1919 1070 1955; x_wconf 90' lang='lat'><strong>:</strong></span> <span class='ocrx_word' id='word_1_129' title='bbox 1102 1918 1165 1957; x_wconf 76' lang='lat' dir='ltr'><strong>ex</strong></span> <span class='ocrx_word' id='word_1_130' title='bbox 1197 1900 1364 1956; x_wconf 82' lang='lat' dir='ltr'><strong>altero</strong></span> <span class='ocrx_word' id='word_1_131' title='bbox 1403 1898 1756 1953; x_wconf 82' lang='lat' dir='ltr'><strong>certissimum</strong></span> <span class='ocrx_word' id='word_1_132' title='bbox 1803 1896 2052 1967; x_wconf 72' lang='lat' dir='ltr'><strong>potentiae</strong></span> <span class='ocrx_word' id='word_1_133' title='bbox 2099 1896 2264 1966; x_wconf 79' lang='lat' dir='ltr'><strong>ipsius</strong></span> 
     </span>
    </p>
   </div>
   <div class='ocr_carea' id='block_1_19' title="bbox 673 1986 2260 2063">
    <p class='ocr_par' dir='ltr' id='par_1_19' title="bbox 673 1986 2260 2063">
     <span class='ocr_line' id='line_1_19' title="bbox 673 1986 2260 2063; baseline -0.003 -18"><span class='ocrx_word' id='word_1_134' title='bbox 673 2001 1042 2063; x_wconf 80' lang='lat' dir='ltr'><strong>argumentum</strong></span> <span class='ocrx_word' id='word_1_135' title='bbox 1075 1992 1334 2061; x_wconf 58' lang='lat' dir='ltr'><strong>priebens,</strong></span> <span class='ocrx_word' id='word_1_136' title='bbox 1379 1989 1520 2060; x_wconf 90' lang='lat' dir='ltr'><strong>quod</strong></span> <span class='ocrx_word' id='word_1_137' title='bbox 1564 1989 1765 2043; x_wconf 86' lang='lat' dir='ltr'><strong>scilicet</strong></span> <span class='ocrx_word' id='word_1_138' title='bbox 1796 1987 1961 2056; x_wconf 89' lang='lat' dir='ltr'><strong>possit</strong></span> <span class='ocrx_word' id='word_1_139' title='bbox 2003 1986 2260 2057; x_wconf 86' lang='lat' dir='ltr'><strong>despera-</strong></span> 
     </span>
    </p>
   </div>
   <div class='ocr_carea' id='block_1_20' title="bbox 676 2080 2264 2156">
    <p class='ocr_par' dir='ltr' id='par_1_20' title="bbox 676 2080 2264 2156">
     <span class='ocr_line' id='line_1_20' title="bbox 676 2080 2264 2156; baseline -0.003 -18"><span class='ocrx_word' id='word_1_140' title='bbox 676 2088 878 2141; x_wconf 89' lang='lat' dir='ltr'><strong>tissima</strong></span> <span class='ocrx_word' id='word_1_141' title='bbox 909 2086 1166 2156; x_wconf 86' lang='lat' dir='ltr'><strong>promissa</strong></span> <span class='ocrx_word' id='word_1_142' title='bbox 1214 2100 1307 2138; x_wconf 86' lang='lat' dir='ltr'><strong>sua</strong></span> <span class='ocrx_word' id='word_1_143' title='bbox 1336 2099 1428 2152; x_wconf 90' lang='lat' dir='ltr'><strong>spe</strong></span> <span class='ocrx_word' id='word_1_144' title='bbox 1458 2090 1616 2152; x_wconf 88' lang='lat' dir='ltr'><strong>atque</strong></span> <span class='ocrx_word' id='word_1_145' title='bbox 1643 2080 1893 2152; x_wconf 89' lang='lat' dir='ltr'><strong>opinione</strong></span> <span class='ocrx_word' id='word_1_146' title='bbox 1921 2081 2112 2135; x_wconf 90' lang='lat' dir='ltr'><strong>melius</strong></span> <span class='ocrx_word' id='word_1_147' title='bbox 2140 2096 2264 2150; x_wconf 57' lang='lat' dir='ltr'><strong>pera</strong></span> 
     </span>
    </p>
   </div>
   <div class='ocr_carea' id='block_1_21' title="bbox 675 2170 2265 2244">
    <p class='ocr_par' dir='ltr' id='par_1_21' title="bbox 675 2170 2265 2244">
     <span class='ocr_line' id='line_1_21' title="bbox 675 2170 2265 2244; baseline -0.003 -15"><span class='ocrx_word' id='word_1_148' title='bbox 675 2182 855 2244; x_wconf 86' lang='lat' dir='ltr'><strong>iiccre,</strong></span> <span class='ocrx_word' id='word_1_149' title='bbox 901 2193 963 2232; x_wconf 86' lang='lat' dir='ltr'><strong>ex</strong></span> <span class='ocrx_word' id='word_1_150' title='bbox 1011 2177 1180 2232; x_wconf 88' lang='lat' dir='ltr'><strong>altero</strong></span> <span class='ocrx_word' id='word_1_151' title='bbox 1219 2183 1395 2230; x_wconf 91' lang='lat' dir='ltr'><strong>autem</strong></span> <span class='ocrx_word' id='word_1_152' title='bbox 1435 2183 1645 2228; x_wconf 88' lang='lat' dir='ltr'><strong>nostros</strong></span> <span class='ocrx_word' id='word_1_153' title='bbox 1670 2172 1876 2228; x_wconf 89' lang='lat' dir='ltr'><strong>animos</strong></span> <span class='ocrx_word' id='word_1_154' title='bbox 1905 2170 2174 2234; x_wconf 89' lang='lat' dir='ltr'><strong>erudiens,</strong></span> <span class='ocrx_word' id='word_1_155' title='bbox 2207 2179 2265 2225; x_wconf 90' lang='lat' dir='ltr'><strong>ut</strong></span> 
     </span>
    </p>
   </div>
   <div class='ocr_carea' id='block_1_22' title="bbox 673 2265 2263 2340">
    <p class='ocr_par' dir='ltr' id='par_1_22' title="bbox 673 2265 2263 2340">
     <span class='ocr_line' id='line_1_22' title="bbox 673 2265 2263 2340; baseline -0.003 -16"><span class='ocrx_word' id='word_1_156' title='bbox 673 2272 726 2326; x_wconf 91' lang='lat' dir='ltr'><strong>in</strong></span> <span class='ocrx_word' id='word_1_157' title='bbox 769 2271 978 2326; x_wconf 88' lang='lat' dir='ltr'><strong>cunctis</strong></span> <span class='ocrx_word' id='word_1_158' title='bbox 1020 2270 1117 2340; x_wconf 85' lang='lat' dir='ltr'><strong>ipsi</strong></span> <span class='ocrx_word' id='word_1_159' title='bbox 1164 2268 1466 2334; x_wconf 85' lang='lat' dir='ltr'><strong>credamus,</strong></span> <span class='ocrx_word' id='word_1_160' title='bbox 1499 2269 1598 2322; x_wconf 88' lang='lat' dir='ltr'><strong>etsi</strong></span> <span class='ocrx_word' id='word_1_161' title='bbox 1632 2266 1788 2321; x_wconf 84' lang='lat' dir='ltr'><strong>dictis</strong></span> <span class='ocrx_word' id='word_1_162' title='bbox 1835 2265 1967 2320; x_wconf 89' lang='lat' dir='ltr'><strong>facta</strong></span> <span class='ocrx_word' id='word_1_163' title='bbox 1998 2265 2263 2319; x_wconf 89' lang='lat' dir='ltr'><strong>contraria</strong></span> 
     </span>
    </p>
   </div>
   <div class='ocr_carea' id='block_1_23' title="bbox 672 2357 2266 2434">
    <p class='ocr_par' dir='ltr' id='par_1_23' title="bbox 672 2357 2266 2434">
     <span class='ocr_line' id='line_1_23' title="bbox 672 2357 2266 2434; baseline -0.004 -17"><span class='ocrx_word' id='word_1_164' title='bbox 672 2365 951 2419; x_wconf 81' lang='lat' dir='ltr'><strong>videantur</strong></span> <span class='ocrx_word' id='word_1_165' title='bbox 976 2378 1272 2434; x_wconf 70' lang='lat' dir='ltr'><strong>enrorgere.</strong></span> <span class='ocrx_word' id='word_1_166' title='bbox 1302 2361 1432 2416; x_wconf 86' lang='lat' dir='ltr'><strong>Nam</strong></span> <span class='ocrx_word' id='word_1_167' title='bbox 1458 2361 1571 2430; x_wconf 84' lang='lat' dir='ltr'><strong>spei</strong></span> <span class='ocrx_word' id='word_1_168' title='bbox 1598 2361 1762 2415; x_wconf 85' lang='lat' dir='ltr'><strong>virtus</strong></span> <span class='ocrx_word' id='word_1_169' title='bbox 1787 2357 2046 2429; x_wconf 86' lang='lat' dir='ltr'><strong>ejusmodi</strong></span> <span class='ocrx_word' id='word_1_170' title='bbox 2074 2365 2177 2424; x_wconf 90' lang='lat' dir='ltr'><strong>est,</strong></span> <span class='ocrx_word' id='word_1_171' title='bbox 2208 2365 2266 2412; x_wconf 91' lang='lat' dir='ltr'><strong>ut</strong></span> 
     </span>
    </p>
   </div>
   <div class='ocr_carea' id='block_1_24' title="bbox 671 2447 2262 2526">
    <p class='ocr_par' dir='ltr' id='par_1_24' title="bbox 671 2447 2262 2526">
     <span class='ocr_line' id='line_1_24' title="bbox 671 2447 2262 2526; baseline -0.004 -15"><span class='ocrx_word' id='word_1_172' title='bbox 671 2473 791 2511; x_wconf 86' lang='lat' dir='ltr'><strong>cum</strong></span> <span class='ocrx_word' id='word_1_173' title='bbox 835 2456 924 2526; x_wconf 87' lang='lat' dir='ltr'><strong>qui</strong></span> <span class='ocrx_word' id='word_1_174' title='bbox 967 2457 1185 2511; x_wconf 83' lang='lat' dir='ltr'><strong>sincere</strong></span> <span class='ocrx_word' id='word_1_175' title='bbox 1220 2453 1295 2508; x_wconf 91' lang='lat' dir='ltr'><strong>illi</strong></span> <span class='ocrx_word' id='word_1_176' title='bbox 1340 2451 1629 2514; x_wconf 58' lang='lat' dir='ltr'><strong>adhirreat,</strong></span> <span class='ocrx_word' id='word_1_177' title='bbox 1676 2465 1961 2520; x_wconf 86' lang='lat' dir='ltr'><strong>numquam</strong></span> <span class='ocrx_word' id='word_1_178' title='bbox 2009 2447 2262 2505; x_wconf 89' lang='lat' dir='ltr'><strong>confundi</strong></span> 
     </span>
    </p>
   </div>
   <div class='ocr_carea' id='block_1_25' title="bbox 672 2540 2261 2617">
    <p class='ocr_par' dir='ltr' id='par_1_25' title="bbox 672 2540 2261 2617">
     <span class='ocr_line' id='line_1_25' title="bbox 672 2540 2261 2617; baseline -0.004 -15"><span class='ocrx_word' id='word_1_179' title='bbox 672 2549 959 2617; x_wconf 79' lang='lat' dir='ltr'><strong>permittat.</strong></span> <span class='ocrx_word' id='word_1_180' title='bbox 1010 2546 1065 2601; x_wconf 88' lang='lat' dir='ltr'><strong>Si</strong></span> <span class='ocrx_word' id='word_1_181' title='bbox 1093 2546 1235 2601; x_wconf 90' lang='lat' dir='ltr'><strong>enim</strong></span> <span class='ocrx_word' id='word_1_182' title='bbox 1284 2545 1339 2610; x_wconf 90' lang='lat' dir='ltr'><strong>ii,</strong></span> <span class='ocrx_word' id='word_1_183' title='bbox 1385 2545 1477 2615; x_wconf 91' lang='lat' dir='ltr'><strong>qui</strong></span> <span class='ocrx_word' id='word_1_184' title='bbox 1526 2543 1784 2614; x_wconf 87' lang='lat' dir='ltr'><strong>promissa</strong></span> <span class='ocrx_word' id='word_1_185' title='bbox 1829 2543 1882 2597; x_wconf 88' lang='lat' dir='ltr'><strong>in</strong></span> <span class='ocrx_word' id='word_1_186' title='bbox 1932 2540 2032 2596; x_wconf 85' lang='lat' dir='ltr'><strong>hoc</strong></span> <span class='ocrx_word' id='word_1_187' title='bbox 2063 2541 2261 2596; x_wconf 73' lang='lat' dir='ltr'><strong>saeculo</strong></span> 
     </span>
    </p>
   </div>
   <div class='ocr_carea' id='block_1_26' title="bbox 671 2632 2258 2707">
    <p class='ocr_par' dir='ltr' id='par_1_26' title="bbox 671 2632 2258 2707">
     <span class='ocr_line' id='line_1_26' title="bbox 671 2632 2258 2707; baseline -0.003 -15"><span class='ocrx_word' id='word_1_188' title='bbox 671 2647 1012 2707; x_wconf 78' lang='lat' dir='ltr'><strong>acceperunt,</strong></span> <span class='ocrx_word' id='word_1_189' title='bbox 1045 2637 1113 2692; x_wconf 91' lang='lat' dir='ltr'><strong>ita</strong></span> <span class='ocrx_word' id='word_1_190' title='bbox 1146 2636 1421 2706; x_wconf 79' lang='lat' dir='ltr'><strong>insigniter</strong></span> <span class='ocrx_word' id='word_1_191' title='bbox 1445 2635 1621 2690; x_wconf 68' lang='lat' dir='ltr'><strong>affecti</strong></span> <span class='ocrx_word' id='word_1_192' title='bbox 1644 2643 1791 2700; x_wconf 89' lang='lat' dir='ltr'><strong>sunt,</strong></span> <span class='ocrx_word' id='word_1_193' title='bbox 1819 2634 1987 2688; x_wconf 90' lang='lat' dir='ltr'><strong>multo</strong></span> <span class='ocrx_word' id='word_1_194' title='bbox 2013 2633 2180 2703; x_wconf 89' lang='lat' dir='ltr'><strong>magis</strong></span> <span class='ocrx_word' id='word_1_195' title='bbox 2208 2632 2258 2687; x_wconf 90' lang='lat' dir='ltr'><strong>id</strong></span> 
     </span>
    </p>
   </div>
   <div class='ocr_carea' id='block_1_27' title="bbox 672 2725 2261 2798">
    <p class='ocr_par' dir='ltr' id='par_1_27' title="bbox 672 2725 2261 2798">
     <span class='ocr_line' id='line_1_27' title="bbox 672 2725 2261 2798; baseline -0.003 -14"><span class='ocrx_word' id='word_1_196' title='bbox 672 2747 768 2786; x_wconf 76' lang='lat' dir='ltr'><strong>nos</strong></span> <span class='ocrx_word' id='word_1_197' title='bbox 801 2731 976 2786; x_wconf 88' lang='lat' dir='ltr'><strong>facere</strong></span> <span class='ocrx_word' id='word_1_198' title='bbox 1003 2745 1222 2785; x_wconf 90' lang='lat' dir='ltr'><strong>necesse</strong></span> <span class='ocrx_word' id='word_1_199' title='bbox 1249 2739 1354 2795; x_wconf 90' lang='lat' dir='ltr'><strong>est,</strong></span> <span class='ocrx_word' id='word_1_200' title='bbox 1381 2729 1469 2798; x_wconf 91' lang='lat' dir='ltr'><strong>qui</strong></span> <span class='ocrx_word' id='word_1_201' title='bbox 1501 2743 1605 2781; x_wconf 93' lang='lat' dir='ltr'><strong>non</strong></span> <span class='ocrx_word' id='word_1_202' title='bbox 1635 2727 1687 2781; x_wconf 86' lang='lat' dir='ltr'><strong>in</strong></span> <span class='ocrx_word' id='word_1_203' title='bbox 1729 2725 1978 2796; x_wconf 75' lang='lat' dir='ltr'><strong>prcesenti</strong></span> <span class='ocrx_word' id='word_1_204' title='bbox 2008 2727 2133 2791; x_wconf 87' lang='lat' dir='ltr'><strong>vita,</strong></span> <span class='ocrx_word' id='word_1_205' title='bbox 2167 2726 2261 2780; x_wconf 88' lang='lat' dir='ltr'><strong>sed</strong></span> 
     </span>
    </p>
   </div>
   <div class='ocr_carea' id='block_1_28' title="bbox 670 2813 2262 2885">
    <p class='ocr_par' dir='ltr' id='par_1_28' title="bbox 670 2813 2262 2885">
     <span class='ocr_line' id='line_1_28' title="bbox 670 2813 2262 2885; baseline -0.004 -9"><span class='ocrx_word' id='word_1_206' title='bbox 670 2824 722 2876; x_wconf 94' lang='lat' dir='ltr'><strong>in</strong></span> <span class='ocrx_word' id='word_1_207' title='bbox 753 2822 871 2876; x_wconf 87' lang='lat' dir='ltr'><strong>aliis</strong></span> <span class='ocrx_word' id='word_1_208' title='bbox 898 2820 1113 2874; x_wconf 72' lang='lat' dir='ltr'><strong>seculis</strong></span> <span class='ocrx_word' id='word_1_209' title='bbox 1142 2819 1401 2874; x_wconf 90' lang='lat' dir='ltr'><strong>bonorum</strong></span> <span class='ocrx_word' id='word_1_210' title='bbox 1428 2818 1625 2872; x_wconf 81' lang='lat' dir='ltr'><strong>exitum</strong></span> <span class='ocrx_word' id='word_1_211' title='bbox 1653 2825 2041 2885; x_wconf 82' lang='lat' dir='ltr'><strong>exspectamus.</strong></span> <span class='ocrx_word' id='word_1_212' title='bbox 2077 2813 2131 2868; x_wconf 90' lang='lat' dir='ltr'><strong>In</strong></span> <span class='ocrx_word' id='word_1_213' title='bbox 2161 2814 2262 2870; x_wconf 85' lang='lat' dir='ltr'><strong>hoc</strong></span> 
     </span>
    </p>
   </div>
   <div class='ocr_carea' id='block_1_29' title="bbox 668 2907 2257 2982">
    <p class='ocr_par' dir='ltr' id='par_1_29' title="bbox 668 2907 2257 2982">
     <span class='ocr_line' id='line_1_29' title="bbox 668 2907 2257 2982; baseline -0.003 -13"><span class='ocrx_word' id='word_1_214' title='bbox 668 2916 810 2969; x_wconf 90' lang='lat' dir='ltr'><strong>enim</strong></span> <span class='ocrx_word' id='word_1_215' title='bbox 853 2914 1047 2968; x_wconf 60' lang='lat' dir='ltr'><strong>saeculo</strong></span> <span class='ocrx_word' id='word_1_216' title='bbox 1089 2925 1366 2982; x_wconf 85' lang='lat' dir='ltr'><strong>pressuras</strong></span> <span class='ocrx_word' id='word_1_217' title='bbox 1394 2910 1546 2964; x_wconf 90' lang='lat' dir='ltr'><strong>nobis</strong></span> <span class='ocrx_word' id='word_1_218' title='bbox 1592 2907 1967 2978; x_wconf 87' lang='lat' dir='ltr'><strong>angustiasque</strong></span> <span class='ocrx_word' id='word_1_219' title='bbox 1996 2909 2257 2978; x_wconf 88' lang='lat' dir='ltr'><strong>promisit.</strong></span> 
     </span>
    </p>
   </div>
   <div class='ocr_carea' id='block_1_30' title="bbox 668 2999 2259 3076">
    <p class='ocr_par' dir='ltr' id='par_1_30' title="bbox 668 2999 2259 3076">
     <span class='ocr_line' id='line_1_30' title="bbox 668 2999 2259 3076; baseline -0.004 -17"><span class='ocrx_word' id='word_1_220' title='bbox 668 3005 806 3074; x_wconf 86' lang='lat' dir='ltr'><strong>Quid</strong></span> <span class='ocrx_word' id='word_1_221' title='bbox 835 3021 960 3076; x_wconf 87' lang='lat' dir='ltr'><strong>ergo</strong></span> <span class='ocrx_word' id='word_1_222' title='bbox 986 3012 1069 3059; x_wconf 84' lang='lat' dir='ltr'><strong>est</strong></span> <span class='ocrx_word' id='word_1_223' title='bbox 1098 3002 1236 3073; x_wconf 91' lang='lat' dir='ltr'><strong>quod</strong></span> <span class='ocrx_word' id='word_1_224' title='bbox 1265 3013 1315 3056; x_wconf 87' lang='lat' dir='ltr'><strong>te</strong></span> <span class='ocrx_word' id='word_1_225' title='bbox 1361 3000 1674 3069; x_wconf 82' lang='lat' dir='ltr'><strong>perturbet?</strong></span> <span class='ocrx_word' id='word_1_226' title='bbox 1702 3015 1804 3070; x_wconf 91' lang='lat' dir='ltr'><strong>qua</strong></span> <span class='ocrx_word' id='word_1_227' title='bbox 1837 2999 2041 3054; x_wconf 88' lang='lat' dir='ltr'><strong>ratione</strong></span> <span class='ocrx_word' id='word_1_228' title='bbox 2071 3015 2259 3070; x_wconf 78' lang='lat' dir='ltr'><strong>suspe-</strong></span> 
     </span>
    </p>
   </div>
   <div class='ocr_carea' id='block_1_31' title="bbox 668 3092 2264 3163">
    <p class='ocr_par' dir='ltr' id='par_1_31' title="bbox 668 3092 2264 3163">
     <span class='ocr_line' id='line_1_31' title="bbox 668 3092 2264 3163; baseline -0.004 -12"><span class='ocrx_word' id='word_1_229' title='bbox 668 3107 754 3151; x_wconf 86' lang='lat' dir='ltr'><strong>cta</strong></span> <span class='ocrx_word' id='word_1_230' title='bbox 788 3097 984 3151; x_wconf 82' lang='lat' dir='ltr'><strong>habeas</strong></span> <span class='ocrx_word' id='word_1_231' title='bbox 1030 3095 1289 3163; x_wconf 89' lang='lat' dir='ltr'><strong>promissa</strong></span> <span class='ocrx_word' id='word_1_232' title='bbox 1336 3092 1470 3148; x_wconf 88' lang='lat' dir='ltr'><strong>Dei?</strong></span> <span class='ocrx_word' id='word_1_233' title='bbox 1501 3092 1628 3146; x_wconf 84' lang='lat' dir='ltr'><strong>Nam</strong></span> <span class='ocrx_word' id='word_1_234' title='bbox 1677 3106 1798 3146; x_wconf 92' lang='lat' dir='ltr'><strong>cum</strong></span> <span class='ocrx_word' id='word_1_235' title='bbox 1846 3092 1980 3146; x_wconf 90' lang='lat' dir='ltr'><strong>dicis</strong></span> <span class='ocrx_word' id='word_1_236' title='bbox 2020 3099 2072 3146; x_wconf 90' lang='lat' dir='ltr'><strong>te</strong></span> <span class='ocrx_word' id='word_1_237' title='bbox 2101 3093 2167 3146; x_wconf 93' lang='lat' dir='ltr'><strong>ab</strong></span> <span class='ocrx_word' id='word_1_238' title='bbox 2195 3106 2264 3145; x_wconf 77' lang='lat' dir='ltr'><strong>ee</strong></span> 
     </span>
    </p>
   </div>
   <div class='ocr_carea' id='block_1_32' title="bbox 668 3181 2259 3258">
    <p class='ocr_par' dir='ltr' id='par_1_32' title="bbox 668 3181 2259 3258">
     <span class='ocr_line' id='line_1_32' title="bbox 668 3181 2259 3258; baseline -0.003 -17"><span class='ocrx_word' id='word_1_239' title='bbox 668 3187 880 3258; x_wconf 75' lang='lat' dir='ltr'><strong>negligi,</strong></span> <span class='ocrx_word' id='word_1_240' title='bbox 925 3185 1076 3256; x_wconf 88' lang='lat' dir='ltr'><strong>cujus</strong></span> <span class='ocrx_word' id='word_1_241' title='bbox 1119 3198 1278 3239; x_wconf 87' lang='lat' dir='ltr'><strong>causa</strong></span> <span class='ocrx_word' id='word_1_242' title='bbox 1325 3182 1580 3236; x_wconf 89' lang='lat' dir='ltr'><strong>mundum</strong></span> <span class='ocrx_word' id='word_1_243' title='bbox 1607 3197 1819 3237; x_wconf 92' lang='lat' dir='ltr'><strong>omnem</strong></span> <span class='ocrx_word' id='word_1_244' title='bbox 1852 3181 2158 3252; x_wconf 81' lang='lat' dir='ltr'><strong>despexisti,</strong></span> <span class='ocrx_word' id='word_1_245' title='bbox 2193 3183 2259 3236; x_wconf 91' lang='lat' dir='ltr'><strong>li-</strong></span> 
     </span>
    </p>
   </div>
   <div class='ocr_carea' id='block_1_33' title="bbox 666 3273 2257 3350">
    <p class='ocr_par' dir='ltr' id='par_1_33' title="bbox 666 3273 2257 3350">
     <span class='ocr_line' id='line_1_33' title="bbox 666 3273 2257 3350; baseline -0.002 -17"><span class='ocrx_word' id='word_1_246' title='bbox 666 3280 830 3350; x_wconf 81' lang='lat' dir='ltr'><strong>quido</strong></span> <span class='ocrx_word' id='word_1_247' title='bbox 853 3277 1094 3333; x_wconf 86' lang='lat' dir='ltr'><strong>ostendis</strong></span> <span class='ocrx_word' id='word_1_248' title='bbox 1122 3283 1174 3331; x_wconf 90' lang='lat' dir='ltr'><strong>te</strong></span> <span class='ocrx_word' id='word_1_249' title='bbox 1199 3275 1275 3330; x_wconf 86' lang='lat' dir='ltr'><strong>illi</strong></span> <span class='ocrx_word' id='word_1_250' title='bbox 1302 3289 1404 3329; x_wconf 92' lang='lat' dir='ltr'><strong>non</strong></span> <span class='ocrx_word' id='word_1_251' title='bbox 1433 3273 1674 3340; x_wconf 82' lang='lat' dir='ltr'><strong>credere,</strong></span> <span class='ocrx_word' id='word_1_252' title='bbox 1701 3288 1925 3343; x_wconf 89' lang='lat' dir='ltr'><strong>eumque</strong></span> <span class='ocrx_word' id='word_1_253' title='bbox 1953 3284 2257 3342; x_wconf 84' lang='lat' dir='ltr'><strong>Suspectum</strong></span> 
     </span>
    </p>
   </div>
   <div class='ocr_carea' id='block_1_34' title="bbox 668 3366 2253 3438">
    <p class='ocr_par' dir='ltr' id='par_1_34' title="bbox 668 3366 2253 3438">
     <span class='ocr_line' id='line_1_34' title="bbox 668 3366 2253 3438; baseline -0.004 -11"><span class='ocrx_word' id='word_1_254' title='bbox 668 3373 884 3437; x_wconf 87' lang='lat' dir='ltr'><strong>habere,</strong></span> <span class='ocrx_word' id='word_1_255' title='bbox 933 3370 1279 3438; x_wconf 87' lang='lat' dir='ltr'><strong>fallacemque</strong></span> <span class='ocrx_word' id='word_1_256' title='bbox 1322 3366 1726 3436; x_wconf 83' lang='lat' dir='ltr'><strong>promissionem</strong></span> <span class='ocrx_word' id='word_1_257' title='bbox 1765 3366 1882 3434; x_wconf 89' lang='lat' dir='ltr'><strong>ejus</strong></span> <span class='ocrx_word' id='word_1_258' title='bbox 1928 3367 2253 3421; x_wconf 83' lang='lat' dir='ltr'><strong>existimare.</strong></span> 
     </span>
    </p>
   </div>
   <div class='ocr_carea' id='block_1_35' title="bbox 667 3460 2257 3529">
    <p class='ocr_par' dir='ltr' id='par_1_35' title="bbox 667 3460 2257 3529">
     <span class='ocr_line' id='line_1_35' title="bbox 667 3460 2257 3529; baseline -0.003 -11"><span class='ocrx_word' id='word_1_259' title='bbox 667 3467 722 3521; x_wconf 92' lang='lat' dir='ltr'><strong>ld</strong></span> <span class='ocrx_word' id='word_1_260' title='bbox 752 3475 928 3521; x_wconf 79' lang='lat' dir='ltr'><strong>autem</strong></span> <span class='ocrx_word' id='word_1_261' title='bbox 975 3478 1098 3519; x_wconf 85' lang='lat' dir='ltr'><strong>vere</strong></span> <span class='ocrx_word' id='word_1_262' title='bbox 1143 3471 1224 3517; x_wconf 90' lang='lat' dir='ltr'><strong>est</strong></span> <span class='ocrx_word' id='word_1_263' title='bbox 1263 3476 1292 3515; x_wconf 93' lang='lat' dir='ltr'><strong>a</strong></span> <span class='ocrx_word' id='word_1_264' title='bbox 1336 3461 1580 3515; x_wconf 83' lang='lat' dir='ltr'><strong>daemone</strong></span> <span class='ocrx_word' id='word_1_265' title='bbox 1626 3460 1843 3529; x_wconf 88' lang='lat' dir='ltr'><strong>corripi,</strong></span> <span class='ocrx_word' id='word_1_266' title='bbox 1888 3473 1950 3514; x_wconf 91' lang='lat' dir='ltr'><strong>ac</strong></span> <span class='ocrx_word' id='word_1_267' title='bbox 1996 3461 2257 3529; x_wconf 82' lang='lat' dir='ltr'><strong>gehennae</strong></span> 
     </span>
    </p>
   </div>
   <div class='ocr_carea' id='block_1_36' title="bbox 667 3551 2254 3627">
    <p class='ocr_par' dir='ltr' id='par_1_36' title="bbox 667 3551 2254 3627">
     <span class='ocr_line' id='line_1_36' title="bbox 667 3551 2254 3627; baseline -0.004 -16"><span class='ocrx_word' id='word_1_268' title='bbox 667 3561 840 3627; x_wconf 80' lang='lat' dir='ltr'><strong>ignem</strong></span> <span class='ocrx_word' id='word_1_269' title='bbox 870 3569 1179 3627; x_wconf 88' lang='lat' dir='ltr'><strong>provocare.</strong></span> <span class='ocrx_word' id='word_1_270' title='bbox 1210 3553 1313 3608; x_wconf 90' lang='lat' dir='ltr'><strong>Sed</strong></span> <span class='ocrx_word' id='word_1_271' title='bbox 1341 3563 1462 3607; x_wconf 88' lang='lat' dir='ltr'><strong>sunt</strong></span> <span class='ocrx_word' id='word_1_272' title='bbox 1493 3552 1582 3621; x_wconf 89' lang='lat' dir='ltr'><strong>qui</strong></span> <span class='ocrx_word' id='word_1_273' title='bbox 1612 3551 1796 3606; x_wconf 68' lang='lat' dir='ltr'><strong>smculi</strong></span> <span class='ocrx_word' id='word_1_274' title='bbox 1840 3553 2064 3620; x_wconf 82' lang='lat' dir='ltr'><strong>negotiis</strong></span> <span class='ocrx_word' id='word_1_275' title='bbox 2095 3551 2254 3606; x_wconf 88' lang='lat' dir='ltr'><strong>dediti</strong></span> 
     </span>
    </p>
   </div>
   <div class='ocr_carea' id='block_1_37' title="bbox 663 3643 2254 3731">
    <p class='ocr_par' dir='ltr' id='par_1_37' title="bbox 663 3643 2254 3731">
     <span class='ocr_line' id='line_1_37' title="bbox 663 3643 2254 3731; baseline -0.004 -29"><span class='ocrx_word' id='word_1_276' title='bbox 663 3651 847 3719; x_wconf 78' lang='lat' dir='ltr'><strong>quiete</strong></span> <span class='ocrx_word' id='word_1_277' title='bbox 895 3649 1097 3702; x_wconf 90' lang='lat' dir='ltr'><strong>vivunt.</strong></span> <span class='ocrx_word' id='word_1_278' title='bbox 1144 3646 1210 3700; x_wconf 82' lang='lat' dir='ltr'><strong>Et</strong></span> <span class='ocrx_word' id='word_1_279' title='bbox 1254 3644 1392 3699; x_wconf 90' lang='lat' dir='ltr'><strong>istud</strong></span> <span class='ocrx_word' id='word_1_280' title='bbox 1433 3659 1646 3714; x_wconf 83' lang='lat' dir='ltr'><strong>quoque</strong></span> <span class='ocrx_word' id='word_1_281' title='bbox 1694 3643 1943 3731; x_wconf 66' lang='lat' dir='ltr'><strong>praedixit</strong></span> <span class='ocrx_word' id='word_1_282' title='bbox 1970 3643 2254 3696; x_wconf 85' lang='lat' dir='ltr'><strong>Christus:</strong></span> 
     </span>
    </p>
   </div>
   <div class='ocr_carea' id='block_1_38' title="bbox 664 3733 2258 3806">
    <p class='ocr_par' dir='ltr' id='par_1_38' title="bbox 664 3733 2258 3806">
     <span class='ocr_line' id='line_1_38' title="bbox 664 3733 2258 3806; baseline -0.006 -11"><span class='ocrx_word' id='word_1_283' title='bbox 664 3743 843 3803; x_wconf 80' lang='lat' dir='ltr'><strong>Anien,</strong></span> <span class='ocrx_word' id='word_1_284' title='bbox 875 3757 1022 3793; x_wconf 75' lang='lat' dir='ltr'><strong>mneo</strong></span> <span class='ocrx_word' id='word_1_285' title='bbox 1065 3738 1197 3804; x_wconf 81' lang='lat' dir='ltr'><strong>dico,</strong></span> <span class='ocrx_word' id='word_1_286' title='bbox 1232 3735 1420 3806; x_wconf 83' lang='lat' dir='ltr'><strong>inquit,</strong></span> <span class='ocrx_word' id='word_1_287' title='bbox 1468 3736 1621 3797; x_wconf 81' lang='lat' dir='ltr'><strong>vobis,</strong></span> <span class='ocrx_word' id='word_1_288' title='bbox 1657 3734 1774 3802; x_wconf 77' lang='lat' dir='ltr'><strong>quia</strong></span> <span class='ocrx_word' id='word_1_289' title='bbox 1803 3733 2064 3802; x_wconf 81' lang='lat' dir='ltr'><strong>plorabitis</strong></span> <span class='ocrx_word' id='word_1_290' title='bbox 2092 3743 2136 3787; x_wconf 83' lang='lat' dir='ltr'><strong>et</strong></span> <span class='ocrx_word' id='word_1_291' title='bbox 2165 3733 2258 3802; x_wconf 81' lang='lat' dir='ltr'><strong>e-</strong></span> 
     </span>
    </p>
   </div>
   <div class='ocr_carea' id='block_1_39' title="bbox 666 3821 2254 3897">
    <p class='ocr_par' dir='ltr' id='par_1_39' title="bbox 666 3821 2254 3897">
     <span class='ocr_line' id='line_1_39' title="bbox 666 3821 2254 3897; baseline -0.007 -11"><span class='ocrx_word' id='word_1_292' title='bbox 666 3834 779 3887; x_wconf 83' lang='lat' dir='ltr'><strong>bitis</strong></span> <span class='ocrx_word' id='word_1_293' title='bbox 810 3848 915 3896; x_wconf 80' lang='lat' dir='ltr'><strong>vos,</strong></span> <span class='ocrx_word' id='word_1_294' title='bbox 945 3828 1162 3882; x_wconf 86' lang='lat' dir='ltr'><strong>mundus</strong></span> <span class='ocrx_word' id='word_1_295' title='bbox 1207 3835 1373 3880; x_wconf 82' lang='lat' dir='ltr'><strong>autem</strong></span> <span class='ocrx_word' id='word_1_296' title='bbox 1400 3825 1634 3897; x_wconf 83' lang='lat' dir='ltr'><strong>gaudebit</strong></span> <span class='ocrx_word' id='word_1_297' title='bbox 1674 3823 1732 3895; x_wconf 82' lang='grc'><strong>(1</strong></span> <span class='ocrx_word' id='word_1_298' title='bbox 1738 3842 1853 3878; x_wconf 82' lang='grc' dir='ltr'><strong>.</strong></span> <span class='ocrx_word' id='word_1_299' title='bbox 1891 3824 1974 3878; x_wconf 81' lang='grc'><strong>16.</strong></span> <span class='ocrx_word' id='word_1_300' title='bbox 2004 3823 2119 3892; x_wconf 75' lang='grc'><strong>20).</strong></span> <span class='ocrx_word' id='word_1_301' title='bbox 2151 3821 2254 3877; x_wconf 79' lang='lat' dir='ltr'><strong>Sed</strong></span> 
     </span>
    </p>
   </div>
   <div class='ocr_carea' id='block_1_40' title="bbox 663 3918 2253 3995">
    <p class='ocr_par' dir='ltr' id='par_1_40' title="bbox 663 3918 2253 3995">
     <span class='ocr_line' id='line_1_40' title="bbox 663 3918 2253 3995; baseline -0.007 -14"><span class='ocrx_word' id='word_1_302' title='bbox 663 3938 717 3982; x_wconf 89' lang='lat' dir='ltr'><strong>ct</strong></span> <span class='ocrx_word' id='word_1_303' title='bbox 745 3929 796 3980; x_wconf 87' lang='lat' dir='ltr'><strong>in</strong></span> <span class='ocrx_word' id='word_1_304' title='bbox 828 3924 1090 3995; x_wconf 83' lang='lat' dir='ltr'><strong>prioribus</strong></span> <span class='ocrx_word' id='word_1_305' title='bbox 1130 3920 1558 3992; x_wconf 87' lang='lat' dir='ltr'><strong>generationibus</strong></span> <span class='ocrx_word' id='word_1_306' title='bbox 1599 3918 1873 3990; x_wconf 82' lang='lat' dir='ltr'><strong>Babylonii</strong></span> <span class='ocrx_word' id='word_1_307' title='bbox 1920 3931 2039 3972; x_wconf 86' lang='lat' dir='ltr'><strong>eum</strong></span> <span class='ocrx_word' id='word_1_308' title='bbox 2087 3918 2253 3971; x_wconf 90' lang='lat' dir='ltr'><strong>Deum</strong></span> 
     </span>
    </p>
   </div>
   <div class='ocr_carea' id='block_1_41' title="bbox 668 4007 2254 4086">
    <p class='ocr_par' dir='ltr' id='par_1_41' title="bbox 668 4007 2254 4086">
     <span class='ocr_line' id='line_1_41' title="bbox 668 4007 2254 4086; baseline -0.006 -16"><span class='ocrx_word' id='word_1_309' title='bbox 668 4019 1006 4086; x_wconf 77' lang='lat' dir='ltr'><strong>ignorarent,</strong></span> <span class='ocrx_word' id='word_1_310' title='bbox 1028 4012 1238 4082; x_wconf 82' lang='lat' dir='ltr'><strong>Opibus,</strong></span> <span class='ocrx_word' id='word_1_311' title='bbox 1277 4011 1509 4080; x_wconf 89' lang='lat' dir='ltr'><strong>potentia</strong></span> <span class='ocrx_word' id='word_1_312' title='bbox 1536 4019 1588 4065; x_wconf 90' lang='lat' dir='ltr'><strong>et</strong></span> <span class='ocrx_word' id='word_1_313' title='bbox 1626 4009 1788 4079; x_wconf 85' lang='lat' dir='ltr'><strong>gloria</strong></span> <span class='ocrx_word' id='word_1_314' title='bbox 1819 4009 2090 4078; x_wconf 83' lang='lat' dir='ltr'><strong>pollebant</strong></span> <span class='ocrx_word' id='word_1_315' title='bbox 2117 4026 2130 4074; x_wconf 90' lang='lat'><strong>;</strong></span> <span class='ocrx_word' id='word_1_316' title='bbox 2156 4007 2254 4062; x_wconf 80' lang='lat' dir='ltr'><strong>.lu-</strong></span> 
     </span>
    </p>
   </div>
   <div class='ocr_carea' id='block_1_42' title="bbox 663 4101 2249 4174">
    <p class='ocr_par' dir='ltr' id='par_1_42' title="bbox 663 4101 2249 4174">
     <span class='ocr_line' id='line_1_42' title="bbox 663 4101 2249 4174; baseline -0.006 -11"><span class='ocrx_word' id='word_1_317' title='bbox 663 4111 764 4163; x_wconf 71' lang='lat' dir='ltr'><strong>dari</strong></span> <span class='ocrx_word' id='word_1_318' title='bbox 794 4123 917 4163; x_wconf 89' lang='lat' dir='ltr'><strong>vero</strong></span> <span class='ocrx_word' id='word_1_319' title='bbox 944 4106 1270 4174; x_wconf 83' lang='lat' dir='ltr'><strong>captivitate,</strong></span> <span class='ocrx_word' id='word_1_320' title='bbox 1315 4103 1595 4164; x_wconf 87' lang='lat' dir='ltr'><strong>servitute,</strong></span> <span class='ocrx_word' id='word_1_321' title='bbox 1626 4102 1984 4171; x_wconf 85' lang='lat' dir='ltr'><strong>extremisque</strong></span> <span class='ocrx_word' id='word_1_322' title='bbox 2031 4101 2249 4156; x_wconf 80' lang='lat' dir='ltr'><strong>Calami-</strong></span> 
     </span>
    </p>
   </div>
   <div class='ocr_carea' id='block_1_43' title="bbox 664 4189 2254 4268">
    <p class='ocr_par' dir='ltr' id='par_1_43' title="bbox 664 4189 2254 4268">
     <span class='ocr_line' id='line_1_43' title="bbox 664 4189 2254 4268; baseline -0.006 -13"><span class='ocrx_word' id='word_1_323' title='bbox 664 4201 862 4255; x_wconf 88' lang='lat' dir='ltr'><strong>tatibus</strong></span> <span class='ocrx_word' id='word_1_324' title='bbox 905 4197 1302 4268; x_wconf 78' lang='lat' dir='ltr'><strong>premebantur.</strong></span> <span class='ocrx_word' id='word_1_325' title='bbox 1348 4195 1412 4249; x_wconf 86' lang='lat' dir='ltr'><strong>Et</strong></span> <span class='ocrx_word' id='word_1_326' title='bbox 1466 4192 1697 4248; x_wconf 83' lang='lat' dir='ltr'><strong>Lazarus</strong></span> <span class='ocrx_word' id='word_1_327' title='bbox 1741 4190 1984 4263; x_wconf 85' lang='lat' dir='ltr'><strong>ille(Luc.</strong></span> <span class='ocrx_word' id='word_1_328' title='bbox 2019 4189 2131 4264; x_wconf 75' lang='grc'><strong>16),</strong></span> <span class='ocrx_word' id='word_1_329' title='bbox 2165 4193 2254 4262; x_wconf 90' lang='lat' dir='ltr'><strong>qui</strong></span> 
     </span>
    </p>
   </div>
   <div class='ocr_carea' id='block_1_44' title="bbox 666 4285 2256 4370">
    <p class='ocr_par' dir='ltr' id='par_1_44' title="bbox 666 4285 2256 4370">
     <span class='ocr_line' id='line_1_44' title="bbox 666 4285 2256 4370; baseline -0.008 -20"><span class='ocrx_word' id='word_1_330' title='bbox 666 4309 834 4365; x_wconf 84' lang='lat' dir='ltr'><strong>regno</strong></span> <span class='ocrx_word' id='word_1_331' title='bbox 862 4290 1069 4348; x_wconf 71' lang='lat' dir='ltr'><strong>cmlcsti</strong></span> <span class='ocrx_word' id='word_1_332' title='bbox 1089 4289 1298 4360; x_wconf 81' lang='lat' dir='ltr'><strong>dignus,</strong></span> <span class='ocrx_word' id='word_1_333' title='bbox 1331 4287 1597 4342; x_wconf 88' lang='lat' dir='ltr'><strong>ulceribus</strong></span> <span class='ocrx_word' id='word_1_334' title='bbox 1628 4285 1814 4356; x_wconf 87' lang='lat' dir='ltr'><strong>plenus</strong></span> <span class='ocrx_word' id='word_1_335' title='bbox 1843 4300 2036 4370; x_wconf 85' lang='lat' dir='ltr'><strong>canum</strong></span> <span class='ocrx_word' id='word_1_336' title='bbox 2064 4287 2256 4354; x_wconf 86' lang='lat' dir='ltr'><strong>linguis</strong></span> 
     </span>
    </p>
   </div>
   <div class='ocr_carea' id='block_1_45' title="bbox 663 4377 2251 4456">
    <p class='ocr_par' dir='ltr' id='par_1_45' title="bbox 663 4377 2251 4456">
     <span class='ocr_line' id='line_1_45' title="bbox 663 4377 2251 4456; baseline -0.006 -14"><span class='ocrx_word' id='word_1_337' title='bbox 663 4397 781 4442; x_wconf 89' lang='lat' dir='ltr'><strong>erat</strong></span> <span class='ocrx_word' id='word_1_338' title='bbox 805 4385 1098 4456; x_wconf 76' lang='lat' dir='ltr'><strong>expositus,</strong></span> <span class='ocrx_word' id='word_1_339' title='bbox 1138 4390 1298 4452; x_wconf 81' lang='lat' dir='ltr'><strong>atque</strong></span> <span class='ocrx_word' id='word_1_340' title='bbox 1328 4388 1585 4451; x_wconf 77' lang='lat' dir='ltr'><strong>perpetuo</strong></span> <span class='ocrx_word' id='word_1_341' title='bbox 1627 4395 1748 4433; x_wconf 92' lang='lat' dir='ltr'><strong>cum</strong></span> <span class='ocrx_word' id='word_1_342' title='bbox 1783 4377 1920 4432; x_wconf 83' lang='lat' dir='ltr'><strong>fame</strong></span> <span class='ocrx_word' id='word_1_343' title='bbox 1949 4378 2251 4451; x_wconf 89' lang='lat' dir='ltr'><strong>pugnabat:</strong></span> 
     </span>
    </p>
   </div>
   <div class='ocr_carea' id='block_1_46' title="bbox 663 4467 2256 4540">
    <p class='ocr_par' dir='ltr' id='par_1_46' title="bbox 663 4467 2256 4540">
     <span class='ocr_line' id='line_1_46' title="bbox 663 4467 2256 4540; baseline -0.005 -7"><span class='ocrx_word' id='word_1_344' title='bbox 663 4480 816 4533; x_wconf 84' lang='lat' dir='ltr'><strong>dives</strong></span> <span class='ocrx_word' id='word_1_345' title='bbox 841 4491 968 4532; x_wconf 87' lang='lat' dir='ltr'><strong>vero</strong></span> <span class='ocrx_word' id='word_1_346' title='bbox 994 4476 1046 4529; x_wconf 92' lang='lat' dir='ltr'><strong>in</strong></span> <span class='ocrx_word' id='word_1_347' title='bbox 1089 4473 1294 4528; x_wconf 82' lang='lat' dir='ltr'><strong>honore</strong></span> <span class='ocrx_word' id='word_1_348' title='bbox 1317 4487 1381 4526; x_wconf 85' lang='lat' dir='ltr'><strong>ac</strong></span> <span class='ocrx_word' id='word_1_349' title='bbox 1406 4468 1668 4539; x_wconf 89' lang='lat' dir='ltr'><strong>frequenti</strong></span> <span class='ocrx_word' id='word_1_350' title='bbox 1709 4467 1960 4526; x_wconf 73' lang='lat' dir='ltr'><strong>satellitio</strong></span> <span class='ocrx_word' id='word_1_351' title='bbox 1989 4479 2043 4526; x_wconf 87' lang='lat' dir='ltr'><strong>et</strong></span> <span class='ocrx_word' id='word_1_352' title='bbox 2072 4470 2256 4540; x_wconf 90' lang='lat' dir='ltr'><strong>requie</strong></span> 
     </span>
    </p>
   </div>
   <div class='ocr_carea' id='block_1_47' title="bbox 661 4559 2253 4632">
    <p class='ocr_par' dir='ltr' id='par_1_47' title="bbox 661 4559 2253 4632">
     <span class='ocr_line' id='line_1_47' title="bbox 661 4559 2253 4632; baseline -0.005 -8"><span class='ocrx_word' id='word_1_353' title='bbox 661 4580 719 4624; x_wconf 86' lang='lat' dir='ltr'><strong>et</strong></span> <span class='ocrx_word' id='word_1_354' title='bbox 748 4568 950 4624; x_wconf 85' lang='lat' dir='ltr'><strong>deliciis</strong></span> <span class='ocrx_word' id='word_1_355' title='bbox 991 4567 1150 4620; x_wconf 86' lang='lat' dir='ltr'><strong>vitam</strong></span> <span class='ocrx_word' id='word_1_356' title='bbox 1197 4563 1444 4618; x_wconf 87' lang='lat' dir='ltr'><strong>ducebat.</strong></span> <span class='ocrx_word' id='word_1_357' title='bbox 1475 4559 1676 4616; x_wconf 76' lang='lat' dir='ltr'><strong>Verum</strong></span> <span class='ocrx_word' id='word_1_358' title='bbox 1714 4570 1770 4614; x_wconf 90' lang='lat' dir='ltr'><strong>ut</strong></span> <span class='ocrx_word' id='word_1_359' title='bbox 1801 4560 1922 4616; x_wconf 85' lang='lat' dir='ltr'><strong>huic</strong></span> <span class='ocrx_word' id='word_1_360' title='bbox 1952 4562 2083 4616; x_wconf 88' lang='lat' dir='ltr'><strong>nihil</strong></span> <span class='ocrx_word' id='word_1_361' title='bbox 2113 4561 2253 4632; x_wconf 83' lang='lat' dir='ltr'><strong>apud</strong></span> 
     </span>
    </p>
   </div>
   <div class='ocr_carea' id='block_1_48' title="bbox 665 4651 2253 4728">
    <p class='ocr_par' dir='ltr' id='par_1_48' title="bbox 665 4651 2253 4728">
     <span class='ocr_line' id='line_1_48' title="bbox 665 4651 2253 4728; baseline -0.006 -10"><span class='ocrx_word' id='word_1_362' title='bbox 665 4662 866 4718; x_wconf 87' lang='lat' dir='ltr'><strong>inferos</strong></span> <span class='ocrx_word' id='word_1_363' title='bbox 906 4660 990 4715; x_wconf 86' lang='lat' dir='ltr'><strong>illa</strong></span> <span class='ocrx_word' id='word_1_364' title='bbox 1038 4658 1221 4713; x_wconf 81' lang='lat' dir='ltr'><strong>omnia</strong></span> <span class='ocrx_word' id='word_1_365' title='bbox 1261 4658 1550 4728; x_wconf 87' lang='lat' dir='ltr'><strong>profuere:</strong></span> <span class='ocrx_word' id='word_1_366' title='bbox 1583 4653 1653 4708; x_wconf 91' lang='lat' dir='ltr'><strong>ita</strong></span> <span class='ocrx_word' id='word_1_367' title='bbox 1699 4669 1798 4708; x_wconf 85' lang='lat' dir='ltr'><strong>nec</strong></span> <span class='ocrx_word' id='word_1_368' title='bbox 1839 4652 2040 4709; x_wconf 83' lang='lat' dir='ltr'><strong>Lazaro</strong></span> <span class='ocrx_word' id='word_1_369' title='bbox 2084 4651 2253 4709; x_wconf 85' lang='lat' dir='ltr'><strong>fames</strong></span> 
     </span>
    </p>
   </div>
   <div class='ocr_carea' id='block_1_49' title="bbox 665 4744 2250 4820">
    <p class='ocr_par' dir='ltr' id='par_1_49' title="bbox 665 4744 2250 4820">
     <span class='ocr_line' id='line_1_49' title="bbox 665 4744 2250 4820; baseline -0.004 -12"><span class='ocrx_word' id='word_1_370' title='bbox 665 4763 757 4809; x_wconf 85' lang='lat' dir='ltr'><strong>aut</strong></span> <span class='ocrx_word' id='word_1_371' title='bbox 783 4753 982 4816; x_wconf 88' lang='lat' dir='ltr'><strong>ulcera,</strong></span> <span class='ocrx_word' id='word_1_372' title='bbox 1011 4764 1118 4820; x_wconf 92' lang='lat' dir='ltr'><strong>quo</strong></span> <span class='ocrx_word' id='word_1_373' title='bbox 1147 4749 1321 4804; x_wconf 87' lang='lat' dir='ltr'><strong>minus</strong></span> <span class='ocrx_word' id='word_1_374' title='bbox 1352 4745 1515 4818; x_wconf 89' lang='lat' dir='ltr'><strong>probe</strong></span> <span class='ocrx_word' id='word_1_375' title='bbox 1545 4744 1767 4812; x_wconf 89' lang='lat' dir='ltr'><strong>viveret,</strong></span> <span class='ocrx_word' id='word_1_376' title='bbox 1793 4746 2132 4811; x_wconf 85' lang='lat' dir='ltr'><strong>obstiterunt,</strong></span> <span class='ocrx_word' id='word_1_377' title='bbox 2155 4747 2250 4802; x_wconf 89' lang='lat' dir='ltr'><strong>sed</strong></span> 
     </span>
    </p>
   </div>
   <div class='ocr_carea' id='block_1_50' title="bbox 661 4836 2253 4914">
    <p class='ocr_par' dir='ltr' id='par_1_50' title="bbox 661 4836 2253 4914">
     <span class='ocr_line' id='line_1_50' title="bbox 661 4836 2253 4914; baseline -0.001 -18"><span class='ocrx_word' id='word_1_378' title='bbox 661 4845 826 4900; x_wconf 85' lang='lat' dir='ltr'><strong>veluti</strong></span> <span class='ocrx_word' id='word_1_379' title='bbox 871 4843 1084 4914; x_wconf 85' lang='lat' dir='ltr'><strong>quidam</strong></span> <span class='ocrx_word' id='word_1_380' title='bbox 1131 4839 1327 4896; x_wconf 84' lang='lat' dir='ltr'><strong>athleta</strong></span> <span class='ocrx_word' id='word_1_381' title='bbox 1371 4836 1521 4892; x_wconf 89' lang='lat' dir='ltr'><strong>fortis</strong></span> <span class='ocrx_word' id='word_1_382' title='bbox 1568 4838 1624 4892; x_wconf 88' lang='lat' dir='ltr'><strong>in</strong></span> <span class='ocrx_word' id='word_1_383' title='bbox 1666 4847 1799 4893; x_wconf 70' lang='lat' dir='ltr'><strong>mstu</strong></span> <span class='ocrx_word' id='word_1_384' title='bbox 1846 4839 2161 4907; x_wconf 88' lang='lat' dir='ltr'><strong>gravissimo</strong></span> <span class='ocrx_word' id='word_1_385' title='bbox 2198 4849 2253 4896; x_wconf 86' lang='lat' dir='ltr'><strong>et</strong></span> 
     </span>
    </p>
   </div>
   <div class='ocr_carea' id='block_1_51' title="bbox 664 4931 2251 5006">
    <p class='ocr_par' dir='ltr' id='par_1_51' title="bbox 664 4931 2251 5006">
     <span class='ocr_line' id='line_1_51' title="bbox 664 4931 2251 5006; baseline -0.002 -16"><span class='ocrx_word' id='word_1_386' title='bbox 664 4939 844 5006; x_wconf 89' lang='lat' dir='ltr'><strong>algore</strong></span> <span class='ocrx_word' id='word_1_387' title='bbox 872 4936 1182 5001; x_wconf 72' lang='lat' dir='ltr'><strong>luctans,et</strong></span> <span class='ocrx_word' id='word_1_388' title='bbox 1210 4931 1333 4986; x_wconf 88' lang='lat' dir='ltr'><strong>vicit</strong></span> <span class='ocrx_word' id='word_1_389' title='bbox 1356 4939 1409 4986; x_wconf 93' lang='lat' dir='ltr'><strong>et</strong></span> <span class='ocrx_word' id='word_1_390' title='bbox 1436 4940 1723 4985; x_wconf 84' lang='lat' dir='ltr'><strong>coronatus</strong></span> <span class='ocrx_word' id='word_1_391' title='bbox 1752 4939 1855 4986; x_wconf 88' lang='lat' dir='ltr'><strong>est.</strong></span> <span class='ocrx_word' id='word_1_392' title='bbox 1886 4931 2143 4998; x_wconf 90' lang='lat' dir='ltr'><strong>Quocirca</strong></span> <span class='ocrx_word' id='word_1_393' title='bbox 2169 4933 2251 4988; x_wconf 86' lang='lat' dir='ltr'><strong>vir</strong></span> 
     </span>
    </p>
   </div>
   <div class='ocr_carea' id='block_1_52' title="bbox 663 5022 2253 5101">
    <p class='ocr_par' dir='ltr' id='par_1_52' title="bbox 663 5022 2253 5101">
     <span class='ocr_line' id='line_1_52' title="bbox 663 5022 2253 5101; baseline -0.003 -16"><span class='ocrx_word' id='word_1_394' title='bbox 663 5030 878 5101; x_wconf 90' lang='lat' dir='ltr'><strong>quidem</strong></span> <span class='ocrx_word' id='word_1_395' title='bbox 920 5025 1134 5098; x_wconf 82' lang='lat' dir='ltr'><strong>sapiens</strong></span> <span class='ocrx_word' id='word_1_396' title='bbox 1162 5024 1336 5080; x_wconf 89' lang='lat' dir='ltr'><strong>aiebat</strong></span> <span class='ocrx_word' id='word_1_397' title='bbox 1365 5040 1380 5079; x_wconf 90' lang='lat'><strong>:</strong></span> <span class='ocrx_word' id='word_1_398' title='bbox 1408 5022 1534 5088; x_wconf 83' lang='lat' dir='ltr'><strong>Fili,</strong></span> <span class='ocrx_word' id='word_1_399' title='bbox 1565 5023 1609 5078; x_wconf 92' lang='lat' dir='ltr'><strong>si</strong></span> <span class='ocrx_word' id='word_1_400' title='bbox 1637 5023 1848 5078; x_wconf 83' lang='lat' dir='ltr'><strong>accedas</strong></span> <span class='ocrx_word' id='word_1_401' title='bbox 1876 5023 1943 5078; x_wconf 85' lang='lat' dir='ltr'><strong>ad</strong></span> <span class='ocrx_word' id='word_1_402' title='bbox 1971 5024 2253 5080; x_wconf 81' lang='lat' dir='ltr'><strong>servitutem</strong></span> 
     </span>
    </p>
   </div>
   <div class='ocr_carea' id='block_1_53' title="bbox 667 5115 2254 5190">
    <p class='ocr_par' dir='ltr' id='par_1_53' title="bbox 667 5115 2254 5190">
     <span class='ocr_line' id='line_1_53' title="bbox 667 5115 2254 5190; baseline -0.001 -15"><span class='ocrx_word' id='word_1_403' title='bbox 667 5120 898 5185; x_wconf 78' lang='lat' dir='ltr'><strong>Domini,</strong></span> <span class='ocrx_word' id='word_1_404' title='bbox 929 5134 1162 5189; x_wconf 73' lang='lat' dir='ltr'><strong>prwpara</strong></span> <span class='ocrx_word' id='word_1_405' title='bbox 1199 5116 1423 5170; x_wconf 81' lang='lat' dir='ltr'><strong>animant</strong></span> <span class='ocrx_word' id='word_1_406' title='bbox 1448 5124 1591 5170; x_wconf 83' lang='lat' dir='ltr'><strong>tuam</strong></span> <span class='ocrx_word' id='word_1_407' title='bbox 1627 5115 1696 5170; x_wconf 78' lang='lat' dir='ltr'><strong>ad</strong></span> <span class='ocrx_word' id='word_1_408' title='bbox 1721 5117 2060 5185; x_wconf 84' lang='lat' dir='ltr'><strong>tentationem,</strong></span> <span class='ocrx_word' id='word_1_409' title='bbox 2094 5117 2254 5190; x_wconf 82' lang='lat' dir='ltr'><strong>dirige</strong></span> 
     </span>
    </p>
   </div>
   <div class='ocr_carea' id='block_1_54' title="bbox 662 5208 2253 5278">
    <p class='ocr_par' dir='ltr' id='par_1_54' title="bbox 662 5208 2253 5278">
     <span class='ocr_line' id='line_1_54' title="bbox 662 5208 2253 5278; baseline -0.001 -13"><span class='ocrx_word' id='word_1_410' title='bbox 662 5229 746 5265; x_wconf 79' lang='lat' dir='ltr'><strong>cor</strong></span> <span class='ocrx_word' id='word_1_411' title='bbox 779 5222 919 5264; x_wconf 86' lang='lat' dir='ltr'><strong>tuum</strong></span> <span class='ocrx_word' id='word_1_412' title='bbox 957 5221 1004 5266; x_wconf 84' lang='lat' dir='ltr'><strong>et</strong></span> <span class='ocrx_word' id='word_1_413' title='bbox 1033 5209 1240 5275; x_wconf 80' lang='lat' dir='ltr'><strong>sustine,</strong></span> <span class='ocrx_word' id='word_1_414' title='bbox 1269 5217 1314 5262; x_wconf 88' lang='lat' dir='ltr'><strong>et</strong></span> <span class='ocrx_word' id='word_1_415' title='bbox 1341 5224 1402 5262; x_wconf 84' lang='lat' dir='ltr'><strong>ne</strong></span> <span class='ocrx_word' id='word_1_416' title='bbox 1444 5209 1646 5278; x_wconf 80' lang='lat' dir='ltr'><strong>festines</strong></span> <span class='ocrx_word' id='word_1_417' title='bbox 1671 5208 1724 5261; x_wconf 86' lang='lat' dir='ltr'><strong>in</strong></span> <span class='ocrx_word' id='word_1_418' title='bbox 1752 5217 1972 5278; x_wconf 86' lang='lat' dir='ltr'><strong>tempore</strong></span> <span class='ocrx_word' id='word_1_419' title='bbox 1996 5210 2253 5264; x_wconf 82' lang='lat' dir='ltr'><strong>inductio-</strong></span> 
     </span>
    </p>
   </div>
   <div class='ocr_carea' id='block_1_55' title="bbox 665 5301 2254 5376">
    <p class='ocr_par' dir='ltr' id='par_1_55' title="bbox 665 5301 2254 5376">
     <span class='ocr_line' id='line_1_55' title="bbox 665 5301 2254 5376; baseline -0.001 -16"><span class='ocrx_word' id='word_1_420' title='bbox 665 5309 744 5360; x_wconf 77' lang='lat' dir='ltr'><strong>nis</strong></span> <span class='ocrx_word' id='word_1_421' title='bbox 776 5304 958 5376; x_wconf 85' lang='lat' dir='ltr'><strong>(Eccli.</strong></span> <span class='ocrx_word' id='word_1_422' title='bbox 991 5303 1044 5358; x_wconf 69' lang='grc' dir='ltr'><strong>.</strong></span> <span class='ocrx_word' id='word_1_423' title='bbox 1078 5304 1126 5358; x_wconf 87' lang='lat' dir='ltr'><strong>l.</strong></span> <span class='ocrx_word' id='word_1_424' title='bbox 1157 5303 1235 5372; x_wconf 76' lang='lat'><strong>2).</strong></span> <span class='ocrx_word' id='word_1_425' title='bbox 1268 5301 1336 5356; x_wconf 90' lang='lat' dir='ltr'><strong>Et</strong></span> <span class='ocrx_word' id='word_1_426' title='bbox 1364 5313 1484 5372; x_wconf 87' lang='lat' dir='ltr'><strong>post</strong></span> <span class='ocrx_word' id='word_1_427' title='bbox 1512 5315 1677 5371; x_wconf 88' lang='lat' dir='ltr'><strong>pauca</strong></span> <span class='ocrx_word' id='word_1_428' title='bbox 1708 5319 1720 5355; x_wconf 92' lang='lat'>:</span> <span class='ocrx_word' id='word_1_429' title='bbox 1755 5301 2027 5369; x_wconf 86' lang='lat' dir='ltr'><strong>Quoniam,</strong></span> <span class='ocrx_word' id='word_1_430' title='bbox 2060 5305 2254 5374; x_wconf 83' lang='lat' dir='ltr'><strong>inquit,</strong></span> 
     </span>
    </p>
   </div>
   <div class='ocr_carea' id='block_1_56' title="bbox 666 5393 2254 5470">
    <p class='ocr_par' dir='ltr' id='par_1_56' title="bbox 666 5393 2254 5470">
     <span class='ocr_line' id='line_1_56' title="bbox 666 5393 2254 5470; baseline 0.001 -20"><span class='ocrx_word' id='word_1_431' title='bbox 666 5401 780 5470; x_wconf 78' lang='lat' dir='ltr'><strong>igne</strong></span> <span class='ocrx_word' id='word_1_432' title='bbox 801 5398 1038 5468; x_wconf 82' lang='lat' dir='ltr'><strong>probatur</strong></span> <span class='ocrx_word' id='word_1_433' title='bbox 1074 5411 1272 5457; x_wconf 86' lang='lat' dir='ltr'><strong>aurum,</strong></span> <span class='ocrx_word' id='word_1_434' title='bbox 1305 5393 1528 5449; x_wconf 79' lang='lat' dir='ltr'><strong>homines</strong></span> <span class='ocrx_word' id='word_1_435' title='bbox 1552 5409 1664 5447; x_wconf 80' lang='lat' dir='ltr'><strong>vero</strong></span> <span class='ocrx_word' id='word_1_436' title='bbox 1691 5396 2020 5464; x_wconf 83' lang='lat' dir='ltr'><strong>aeceptabiles</strong></span> <span class='ocrx_word' id='word_1_437' title='bbox 2067 5398 2119 5453; x_wconf 89' lang='lat' dir='ltr'><strong>in</strong></span> <span class='ocrx_word' id='word_1_438' title='bbox 2147 5400 2254 5469; x_wconf 81' lang='lat' dir='ltr'><strong>{or-</strong></span> 
     </span>
    </p>
   </div>
   <div class='ocr_carea' id='block_1_57' title="bbox 666 5485 2264 5559">
    <p class='ocr_par' dir='ltr' id='par_1_57' title="bbox 666 5485 2264 5559">
     <span class='ocr_line' id='line_1_57' title="bbox 666 5485 2264 5559; baseline 0.002 -15"><span class='ocrx_word' id='word_1_439' title='bbox 666 5506 789 5544; x_wconf 79' lang='lat' dir='ltr'><strong>nare</strong></span> <span class='ocrx_word' id='word_1_440' title='bbox 831 5486 1190 5541; x_wconf 82' lang='lat' dir='ltr'><strong>Immiliationis</strong></span> <span class='ocrx_word' id='word_1_441' title='bbox 1231 5485 1335 5555; x_wconf 81' lang='lat' dir='ltr'><strong>(Ib.</strong></span> <span class='ocrx_word' id='word_1_442' title='bbox 1393 5503 1445 5542; x_wconf 83' lang='grc' dir='ltr'><strong>.</strong></span> <span class='ocrx_word' id='word_1_443' title='bbox 1484 5486 1564 5556; x_wconf 76' lang='grc'><strong>2).</strong></span> <span class='ocrx_word' id='word_1_444' title='bbox 1612 5486 1952 5559; x_wconf 84' lang='lat' dir='ltr'><strong>Rursumque</strong></span> <span class='ocrx_word' id='word_1_445' title='bbox 2001 5491 2108 5546; x_wconf 86' lang='lat' dir='ltr'><strong>alio</strong></span> <span class='ocrx_word' id='word_1_446' title='bbox 2138 5492 2264 5548; x_wconf 81' lang='lat' dir='ltr'><strong>loco-</strong></span> 
     </span>
    </p>
   </div>
   <div class='ocr_carea' id='block_1_58' title="bbox 664 5575 2249 5651">
    <p class='ocr_par' dir='ltr' id='par_1_58' title="bbox 664 5575 2249 5651">
     <span class='ocr_line' id='line_1_58' title="bbox 664 5575 2249 5651; baseline -0.001 -14"><span class='ocrx_word' id='word_1_447' title='bbox 664 5581 916 5651; x_wconf 80' lang='lat' dir='ltr'><strong>scviplum</strong></span> <span class='ocrx_word' id='word_1_448' title='bbox 963 5585 1085 5633; x_wconf 88' lang='lat' dir='ltr'><strong>est:</strong></span> <span class='ocrx_word' id='word_1_449' title='bbox 1118 5575 1245 5642; x_wconf 81' lang='lat' dir='ltr'><strong>Fili,</strong></span> <span class='ocrx_word' id='word_1_450' title='bbox 1294 5575 1402 5630; x_wconf 77' lang='lat' dir='ltr'><strong>uolt</strong></span> <span class='ocrx_word' id='word_1_451' title='bbox 1449 5578 1700 5648; x_wconf 75' lang='lat' dir='ltr'><strong>negligere</strong></span> <span class='ocrx_word' id='word_1_452' title='bbox 1747 5580 2072 5648; x_wconf 84' lang='lat' dir='ltr'><strong>disciplinam</strong></span> <span class='ocrx_word' id='word_1_453' title='bbox 2117 5581 2249 5650; x_wconf 87' lang='lat' dir='ltr'><strong>Dei,</strong></span> 
     </span>
    </p>
   </div>
   <div class='ocr_carea' id='block_1_59' title="bbox 665 5669 2250 5745">
    <p class='ocr_par' dir='ltr' id='par_1_59' title="bbox 665 5669 2250 5745">
     <span class='ocr_line' id='line_1_59' title="bbox 665 5669 2250 5745; baseline 0.005 -22"><span class='ocrx_word' id='word_1_454' title='bbox 665 5692 826 5744; x_wconf 65' lang='grc' dir='ltr'><strong></strong></span> <span class='ocrx_word' id='word_1_455' title='bbox 862 5673 1064 5739; x_wconf 74' lang='lat' dir='ltr'><strong>decias</strong></span> <span class='ocrx_word' id='word_1_456' title='bbox 1093 5686 1206 5723; x_wconf 85' lang='lat' dir='ltr'><strong>cum</strong></span> <span class='ocrx_word' id='word_1_457' title='bbox 1234 5670 1296 5722; x_wconf 87' lang='lat' dir='ltr'><strong>ab</strong></span> <span class='ocrx_word' id='word_1_458' title='bbox 1323 5685 1378 5722; x_wconf 84' lang='lat' dir='ltr'><strong>eo</strong></span> <span class='ocrx_word' id='word_1_459' title='bbox 1408 5671 1674 5737; x_wconf 83' lang='lat' dir='ltr'><strong>corriperis</strong></span> <span class='ocrx_word' id='word_1_460' title='bbox 1701 5669 1881 5740; x_wconf 76' lang='lat' dir='ltr'><strong>(Prov.</strong></span> <span class='ocrx_word' id='word_1_461' title='bbox 1915 5675 1966 5728; x_wconf 78' lang='grc'><strong>5.</strong></span> <span class='ocrx_word' id='word_1_462' title='bbox 2000 5675 2107 5745; x_wconf 82' lang='grc' dir='ltr'><strong>).</strong></span> <span class='ocrx_word' id='word_1_463' title='bbox 2152 5676 2250 5745; x_wconf 87' lang='lat' dir='ltr'><strong>Qui</strong></span> 
     </span>
    </p>
   </div>
   <div class='ocr_carea' id='block_1_60' title="bbox 663 5759 2249 5835">
    <p class='ocr_par' dir='ltr' id='par_1_60' title="bbox 663 5759 2249 5835">
     <span class='ocr_line' id='line_1_60' title="bbox 663 5759 2249 5835; baseline 0.011 -24"><span class='ocrx_word' id='word_1_464' title='bbox 663 5767 806 5826; x_wconf 67' lang='grc' dir='ltr'><strong></strong></span> <span class='ocrx_word' id='word_1_465' title='bbox 834 5778 1021 5820; x_wconf 83' lang='lat' dir='ltr'><strong>aurum</strong></span> <span class='ocrx_word' id='word_1_466' title='bbox 1053 5762 1103 5817; x_wconf 91' lang='lat' dir='ltr'><strong>in</strong></span> <span class='ocrx_word' id='word_1_467' title='bbox 1135 5759 1404 5818; x_wconf 86' lang='lat' dir='ltr'><strong>fornacem</strong></span> <span class='ocrx_word' id='word_1_468' title='bbox 1435 5762 1613 5830; x_wconf 89' lang='lat' dir='ltr'><strong>mittit,</strong></span> <span class='ocrx_word' id='word_1_469' title='bbox 1650 5764 1791 5818; x_wconf 84' lang='lat' dir='ltr'><strong>novit</strong></span> <span class='ocrx_word' id='word_1_470' title='bbox 1835 5776 2094 5835; x_wconf 75' lang='lat' dir='ltr'><strong>quatenus</strong></span> <span class='ocrx_word' id='word_1_471' title='bbox 2123 5769 2249 5827; x_wconf 85' lang='lat' dir='ltr'><strong>illud</strong></span> 
     </span>
    </p>
   </div>
   <div class='ocr_carea' id='block_1_61' title="bbox 1427 311 3228 380">
    <p class='ocr_par' dir='ltr' id='par_1_61' title="bbox 1427 311 3228 380">
     <span class='ocr_line' id='line_1_61' title="bbox 1427 311 3228 380; baseline 0.001 -10"><span class='ocrx_word' id='word_1_472' title='bbox 1427 317 1481 370; x_wconf 92' lang='lat' dir='ltr'><strong>S.</strong></span> <span class='ocrx_word' id='word_1_473' title='bbox 1521 314 1794 380; x_wconf 61' lang='lat' dir='ltr'><strong>JOANNIS</strong></span> <span class='ocrx_word' id='word_1_474' title='bbox 1831 313 2303 371; x_wconf 68' lang='lat' dir='ltr'><strong>CllfiYSOSTOIll</strong></span> <span class='ocrx_word' id='word_1_475' title='bbox 2339 311 2656 372; x_wconf 74' lang='lat' dir='ltr'><strong>ARCHIEP.</strong></span> <span class='ocrx_word' id='word_1_476' title='bbox 2696 312 3228 372; x_wconf 76' lang='lat' dir='ltr'><strong>CONSTAN&#39;IINOP.</strong></span> 
     </span>
    </p>
   </div>
   <div class='ocr_carea' id='block_1_62' title="bbox 3872 313 3977 368">
    <p class='ocr_par' dir='ltr' id='par_1_62' title="bbox 3872 313 3977 368">
     <span class='ocr_line' id='line_1_62' title="bbox 3872 313 3977 368; baseline -0.019 0"><span class='ocrx_word' id='word_1_477' title='bbox 3872 313 3977 368; x_wconf 63' lang='grc' dir='ltr'><strong></strong></span> 
     </span>
    </p>
   </div>
   <div class='ocr_carea' id='block_1_63' title="bbox 2381 427 3978 501">
    <p class='ocr_par' dir='ltr' id='par_1_63' title="bbox 2381 427 3978 501">
     <span class='ocr_line' id='line_1_63' title="bbox 2381 427 3978 501; baseline 0.002 -19"><span class='ocrx_word' id='word_1_478' title='bbox 2381 428 2615 496; x_wconf 88' lang='lat' dir='ltr'><strong>incendi,</strong></span> <span class='ocrx_word' id='word_1_479' title='bbox 2648 439 2702 486; x_wconf 92' lang='lat' dir='ltr'><strong>et</strong></span> <span class='ocrx_word' id='word_1_480' title='bbox 2729 429 2943 501; x_wconf 85' lang='lat' dir='ltr'><strong>quando</strong></span> <span class='ocrx_word' id='word_1_481' title='bbox 2969 446 3035 486; x_wconf 86' lang='lat' dir='ltr'><strong>ex</strong></span> <span class='ocrx_word' id='word_1_482' title='bbox 3083 431 3202 501; x_wconf 90' lang='lat' dir='ltr'><strong>igne</strong></span> <span class='ocrx_word' id='word_1_483' title='bbox 3232 437 3477 501; x_wconf 89' lang='lat' dir='ltr'><strong>oporteat</strong></span> <span class='ocrx_word' id='word_1_484' title='bbox 3517 427 3693 486; x_wconf 85' lang='lat' dir='ltr'><strong>educi.</strong></span> <span class='ocrx_word' id='word_1_485' title='bbox 3743 428 3978 500; x_wconf 76' lang='lat' dir='ltr'><strong>ideoque</strong></span> 
     </span>
    </p>
   </div>
   <div class='ocr_carea' id='block_1_64' title="bbox 2374 521 3978 594">
    <p class='ocr_par' dir='ltr' id='par_1_64' title="bbox 2374 521 3978 594">
     <span class='ocr_line' id='line_1_64' title="bbox 2374 521 3978 594; baseline 0.001 -19"><span class='ocrx_word' id='word_1_486' title='bbox 2374 521 2461 576; x_wconf 81' lang='lat' dir='ltr'><strong>hic</strong></span> <span class='ocrx_word' id='word_1_487' title='bbox 2499 522 2712 592; x_wconf 87' lang='lat' dir='ltr'><strong>quidem</strong></span> <span class='ocrx_word' id='word_1_488' title='bbox 2760 523 2879 577; x_wconf 89' lang='lat' dir='ltr'><strong>ait:</strong></span> <span class='ocrx_word' id='word_1_489' title='bbox 2912 521 2996 576; x_wconf 84' lang='lat' dir='ltr'><strong>Ne</strong></span> <span class='ocrx_word' id='word_1_490' title='bbox 3035 523 3235 594; x_wconf 75' lang='lat' dir='ltr'><strong>festines</strong></span> <span class='ocrx_word' id='word_1_491' title='bbox 3277 522 3328 574; x_wconf 88' lang='lat' dir='ltr'><strong>in</strong></span> <span class='ocrx_word' id='word_1_492' title='bbox 3371 531 3592 589; x_wconf 86' lang='lat' dir='ltr'><strong>tempore</strong></span> <span class='ocrx_word' id='word_1_493' title='bbox 3635 521 3978 577; x_wconf 78' lang='lat' dir='ltr'><strong>inductionis:</strong></span> 
     </span>
    </p>
   </div>
   <div class='ocr_carea' id='block_1_65' title="bbox 2371 613 3979 686">
    <p class='ocr_par' dir='ltr' id='par_1_65' title="bbox 2371 613 3979 686">
     <span class='ocr_line' id='line_1_65' title="bbox 2371 613 3979 686; baseline 0.001 -17"><span class='ocrx_word' id='word_1_494' title='bbox 2371 613 2623 669; x_wconf 86' lang='lat' dir='ltr'><strong>Salomon</strong></span> <span class='ocrx_word' id='word_1_495' title='bbox 2652 625 2828 670; x_wconf 90' lang='lat' dir='ltr'><strong>autem</strong></span> <span class='ocrx_word' id='word_1_496' title='bbox 2859 614 2959 670; x_wconf 87' lang='lat' dir='ltr'><strong>hoc</strong></span> <span class='ocrx_word' id='word_1_497' title='bbox 2984 615 3157 684; x_wconf 88' lang='lat' dir='ltr'><strong>ipsum</strong></span> <span class='ocrx_word' id='word_1_498' title='bbox 3181 614 3400 680; x_wconf 88' lang='lat' dir='ltr'><strong>docens,</strong></span> <span class='ocrx_word' id='word_1_499' title='bbox 3433 613 3610 686; x_wconf 78' lang='lat' dir='ltr'><strong>Neque</strong></span> <span class='ocrx_word' id='word_1_500' title='bbox 3635 614 3861 683; x_wconf 79' lang='lat' dir='ltr'><strong>decias,</strong></span> <span class='ocrx_word' id='word_1_501' title='bbox 3891 613 3979 670; x_wconf 83' lang='lat' dir='ltr'><strong>in-</strong></span> 
     </span>
    </p>
   </div>
   <div class='ocr_carea' id='block_1_66' title="bbox 2372 709 3980 781">
    <p class='ocr_par' dir='ltr' id='par_1_66' title="bbox 2372 709 3980 781">
     <span class='ocr_line' id='line_1_66' title="bbox 2372 709 3980 781; baseline 0.002 -20"><span class='ocrx_word' id='word_1_502' title='bbox 2372 709 2505 778; x_wconf 85' lang='lat' dir='ltr'><strong>quit,</strong></span> <span class='ocrx_word' id='word_1_503' title='bbox 2531 724 2646 763; x_wconf 76' lang='lat' dir='ltr'><strong>cum</strong></span> <span class='ocrx_word' id='word_1_504' title='bbox 2672 709 2735 762; x_wconf 85' lang='lat' dir='ltr'><strong>ab</strong></span> <span class='ocrx_word' id='word_1_505' title='bbox 2764 726 2822 763; x_wconf 88' lang='lat' dir='ltr'><strong>eo</strong></span> <span class='ocrx_word' id='word_1_506' title='bbox 2852 711 3142 780; x_wconf 86' lang='lat' dir='ltr'><strong>corriperis.</strong></span> <span class='ocrx_word' id='word_1_507' title='bbox 3172 710 3418 781; x_wconf 78' lang='lat' dir='ltr'><strong>Magnum</strong></span> <span class='ocrx_word' id='word_1_508' title='bbox 3462 711 3590 781; x_wconf 88' lang='lat' dir='ltr'><strong>quid</strong></span> <span class='ocrx_word' id='word_1_509' title='bbox 3624 725 3831 777; x_wconf 84' lang='lat' dir='ltr'><strong>revera,</strong></span> <span class='ocrx_word' id='word_1_510' title='bbox 3860 725 3980 765; x_wconf 84' lang='lat' dir='ltr'><strong>ma-</strong></span> 
     </span>
    </p>
   </div>
   <div class='ocr_carea' id='block_1_67' title="bbox 2371 802 3974 875">
    <p class='ocr_par' dir='ltr' id='par_1_67' title="bbox 2371 802 3974 875">
     <span class='ocr_line' id='line_1_67' title="bbox 2371 802 3974 875; baseline 0.004 -19"><span class='ocrx_word' id='word_1_511' title='bbox 2371 817 2555 872; x_wconf 87' lang='lat' dir='ltr'><strong>gnum,</strong></span> <span class='ocrx_word' id='word_1_512' title='bbox 2605 802 2843 873; x_wconf 86' lang='lat' dir='ltr'><strong>inquam,</strong></span> <span class='ocrx_word' id='word_1_513' title='bbox 2894 819 3140 873; x_wconf 85' lang='lat' dir='ltr'><strong>pressura</strong></span> <span class='ocrx_word' id='word_1_514' title='bbox 3169 812 3256 859; x_wconf 91' lang='lat' dir='ltr'><strong>est</strong></span> <span class='ocrx_word' id='word_1_515' title='bbox 3295 804 3362 859; x_wconf 90' lang='lat' dir='ltr'><strong>ad</strong></span> <span class='ocrx_word' id='word_1_516' title='bbox 3411 807 3582 859; x_wconf 87' lang='lat' dir='ltr'><strong>virum</strong></span> <span class='ocrx_word' id='word_1_517' title='bbox 3623 804 3974 875; x_wconf 83' lang='lat' dir='ltr'><strong>spectabilem</strong></span> 
     </span>
    </p>
   </div>
   <div class='ocr_carea' id='block_1_68' title="bbox 2371 893 3972 966">
    <p class='ocr_par' dir='ltr' id='par_1_68' title="bbox 2371 893 3972 966">
     <span class='ocr_line' id='line_1_68' title="bbox 2371 893 3972 966; baseline 0.002 -19"><span class='ocrx_word' id='word_1_518' title='bbox 2371 893 2732 959; x_wconf 84' lang='lat' dir='ltr'><strong>efficiendum,</strong></span> <span class='ocrx_word' id='word_1_519' title='bbox 2764 904 2924 965; x_wconf 90' lang='lat' dir='ltr'><strong>atque</strong></span> <span class='ocrx_word' id='word_1_520' title='bbox 2974 894 3041 950; x_wconf 88' lang='lat' dir='ltr'><strong>ad</strong></span> <span class='ocrx_word' id='word_1_521' title='bbox 3071 894 3369 951; x_wconf 87' lang='lat' dir='ltr'><strong>docendum</strong></span> <span class='ocrx_word' id='word_1_522' title='bbox 3403 895 3668 966; x_wconf 71' lang='lat' dir='ltr'><strong>patientiae</strong></span> <span class='ocrx_word' id='word_1_523' title='bbox 3700 897 3972 952; x_wconf 77' lang='lat' dir='ltr'><strong>virtutem.</strong></span> 
     </span>
    </p>
   </div>
   <div class='ocr_carea' id='block_1_69' title="bbox 2370 984 3977 1059">
    <p class='ocr_par' dir='ltr' id='par_1_69' title="bbox 2370 984 3977 1059">
     <span class='ocr_line' id='line_1_69' title="bbox 2370 984 3977 1059; baseline 0.004 -21"><span class='ocrx_word' id='word_1_524' title='bbox 2370 984 2506 1053; x_wconf 84' lang='lat' dir='ltr'><strong>Quid</strong></span> <span class='ocrx_word' id='word_1_525' title='bbox 2551 1002 2696 1055; x_wconf 86' lang='lat' dir='ltr'><strong>ergo,</strong></span> <span class='ocrx_word' id='word_1_526' title='bbox 2749 988 2982 1056; x_wconf 89' lang='lat' dir='ltr'><strong>inquies,</strong></span> <span class='ocrx_word' id='word_1_527' title='bbox 3011 988 3054 1042; x_wconf 88' lang='lat' dir='ltr'><strong>si</strong></span> <span class='ocrx_word' id='word_1_528' title='bbox 3106 987 3245 1042; x_wconf 87' lang='lat' dir='ltr'><strong>illius</strong></span> <span class='ocrx_word' id='word_1_529' title='bbox 3291 1004 3389 1042; x_wconf 91' lang='lat' dir='ltr'><strong>nos</strong></span> <span class='ocrx_word' id='word_1_530' title='bbox 3433 989 3739 1059; x_wconf 87' lang='lat' dir='ltr'><strong>magnitudo</strong></span> <span class='ocrx_word' id='word_1_531' title='bbox 3768 999 3977 1044; x_wconf 86' lang='lat' dir='ltr'><strong>evertat</strong></span> 
     </span>
    </p>
   </div>
   <div class='ocr_carea' id='block_1_70' title="bbox 2369 1077 3973 1152">
    <p class='ocr_par' dir='ltr' id='par_1_70' title="bbox 2369 1077 3973 1152">
     <span class='ocr_line' id='line_1_70' title="bbox 2369 1077 3973 1152; baseline 0.002 -21"><span class='ocrx_word' id='word_1_532' title='bbox 2369 1088 2530 1147; x_wconf 89' lang='lat' dir='ltr'><strong>atque</strong></span> <span class='ocrx_word' id='word_1_533' title='bbox 2558 1079 2808 1148; x_wconf 83' lang='lat' dir='ltr'><strong>dejiciat?</strong></span> <span class='ocrx_word' id='word_1_534' title='bbox 2836 1077 3030 1133; x_wconf 82' lang='lat' dir='ltr'><strong>Fidelis</strong></span> <span class='ocrx_word' id='word_1_535' title='bbox 3059 1089 3132 1134; x_wconf 87' lang='lat' dir='ltr'><strong>est</strong></span> <span class='ocrx_word' id='word_1_536' title='bbox 3173 1078 3328 1144; x_wconf 84' lang='lat' dir='ltr'><strong>Deus,</strong></span> <span class='ocrx_word' id='word_1_537' title='bbox 3369 1080 3456 1151; x_wconf 81' lang='lat' dir='ltr'><strong>qui</strong></span> <span class='ocrx_word' id='word_1_538' title='bbox 3500 1097 3602 1134; x_wconf 85' lang='lat' dir='ltr'><strong>non</strong></span> <span class='ocrx_word' id='word_1_539' title='bbox 3630 1081 3852 1152; x_wconf 83' lang='lat' dir='ltr'><strong>patietur</strong></span> <span class='ocrx_word' id='word_1_540' title='bbox 3878 1099 3973 1135; x_wconf 79' lang='lat' dir='ltr'><strong>nos</strong></span> 
     </span>
    </p>
   </div>
   <div class='ocr_carea' id='block_1_71' title="bbox 2370 1170 3976 1243">
    <p class='ocr_par' dir='ltr' id='par_1_71' title="bbox 2370 1170 3976 1243">
     <span class='ocr_line' id='line_1_71' title="bbox 2370 1170 3976 1243; baseline 0.004 -23"><span class='ocrx_word' id='word_1_541' title='bbox 2370 1170 2557 1221; x_wconf 86' lang='lat' dir='ltr'><strong>tentari</strong></span> <span class='ocrx_word' id='word_1_542' title='bbox 2584 1186 2739 1237; x_wconf 86' lang='lat' dir='ltr'><strong>supra</strong></span> <span class='ocrx_word' id='word_1_543' title='bbox 2768 1186 2920 1238; x_wconf 77' lang='lat' dir='ltr'><strong>quam</strong></span> <span class='ocrx_word' id='word_1_544' title='bbox 2950 1186 3234 1240; x_wconf 75' lang='lat' dir='ltr'><strong>possumus,</strong></span> <span class='ocrx_word' id='word_1_545' title='bbox 3264 1171 3353 1226; x_wconf 82' lang='lat' dir='ltr'><strong>sed</strong></span> <span class='ocrx_word' id='word_1_546' title='bbox 3378 1171 3528 1243; x_wconf 81' lang='lat' dir='ltr'><strong>faciet</strong></span> <span class='ocrx_word' id='word_1_547' title='bbox 3556 1188 3672 1225; x_wconf 79' lang='lat' dir='ltr'><strong>cum</strong></span> <span class='ocrx_word' id='word_1_548' title='bbox 3699 1173 3976 1228; x_wconf 83' lang='lat' dir='ltr'><strong>tentatione</strong></span> 
     </span>
    </p>
   </div>
   <div class='ocr_carea' id='block_1_72' title="bbox 2370 1260 3972 1336">
    <p class='ocr_par' dir='ltr' id='par_1_72' title="bbox 2370 1260 3972 1336">
     <span class='ocr_line' id='line_1_72' title="bbox 2370 1260 3972 1336; baseline 0.006 -25"><span class='ocrx_word' id='word_1_549' title='bbox 2370 1260 2580 1325; x_wconf 73' lang='lat' dir='ltr'><strong>exitmn,</strong></span> <span class='ocrx_word' id='word_1_550' title='bbox 2607 1269 2659 1313; x_wconf 86' lang='lat' dir='ltr'><strong>ut</strong></span> <span class='ocrx_word' id='word_1_551' title='bbox 2684 1264 2932 1331; x_wconf 76' lang='lat' dir='ltr'><strong>possimus</strong></span> <span class='ocrx_word' id='word_1_552' title='bbox 2955 1264 3199 1317; x_wconf 83' lang='lat' dir='ltr'><strong>sustinere</strong></span> <span class='ocrx_word' id='word_1_553' title='bbox 3239 1263 3314 1335; x_wconf 79' lang='grc' dir='ltr'><strong>(.</strong></span> <span class='ocrx_word' id='word_1_554' title='bbox 3342 1261 3461 1319; x_wconf 87' lang='lat' dir='ltr'><strong>Cor.</strong></span> <span class='ocrx_word' id='word_1_555' title='bbox 3491 1265 3589 1320; x_wconf 71' lang='grc'><strong>10.</strong></span> <span class='ocrx_word' id='word_1_556' title='bbox 3622 1265 3734 1336; x_wconf 76' lang='grc'><strong>15).</strong></span> <span class='ocrx_word' id='word_1_557' title='bbox 3763 1264 3894 1320; x_wconf 85' lang='lat' dir='ltr'><strong>Nam</strong></span> <span class='ocrx_word' id='word_1_558' title='bbox 3927 1267 3972 1321; x_wconf 90' lang='lat' dir='ltr'><strong>si</strong></span> 
     </span>
    </p>
   </div>
   <div class='ocr_carea' id='block_1_73' title="bbox 2369 1352 3970 1425">
    <p class='ocr_par' dir='ltr' id='par_1_73' title="bbox 2369 1352 3970 1425">
     <span class='ocr_line' id='line_1_73' title="bbox 2369 1352 3970 1425; baseline 0.006 -21"><span class='ocrx_word' id='word_1_559' title='bbox 2369 1366 2438 1405; x_wconf 81' lang='lat' dir='ltr'><strong>ex</strong></span> <span class='ocrx_word' id='word_1_560' title='bbox 2463 1352 2750 1406; x_wconf 81' lang='lat' dir='ltr'><strong>dilectione</strong></span> <span class='ocrx_word' id='word_1_561' title='bbox 2793 1355 3082 1424; x_wconf 89' lang='lat' dir='ltr'><strong>correptio,</strong></span> <span class='ocrx_word' id='word_1_562' title='bbox 3131 1371 3197 1410; x_wconf 84' lang='lat' dir='ltr'><strong>ex</strong></span> <span class='ocrx_word' id='word_1_563' title='bbox 3237 1356 3360 1411; x_wconf 86' lang='lat' dir='ltr'><strong>odio</strong></span> <span class='ocrx_word' id='word_1_564' title='bbox 3383 1372 3514 1412; x_wconf 72' lang='lat' dir='ltr'><strong>vero</strong></span> <span class='ocrx_word' id='word_1_565' title='bbox 3543 1357 3820 1413; x_wconf 85' lang='lat' dir='ltr'><strong>derelictio</strong></span> <span class='ocrx_word' id='word_1_566' title='bbox 3848 1370 3930 1414; x_wconf 87' lang='lat' dir='ltr'><strong>est</strong></span> <span class='ocrx_word' id='word_1_567' title='bbox 3953 1401 3970 1425; x_wconf 94' lang='lat'><strong>,</strong></span> 
     </span>
    </p>
   </div>
   <div class='ocr_carea' id='block_1_74' title="bbox 2372 1445 3972 1517">
    <p class='ocr_par' dir='ltr' id='par_1_74' title="bbox 2372 1445 3972 1517">
     <span class='ocr_line' id='line_1_74' title="bbox 2372 1445 3972 1517; baseline 0.006 -20"><span class='ocrx_word' id='word_1_568' title='bbox 2372 1458 2545 1512; x_wconf 88' lang='lat' dir='ltr'><strong>neque</strong></span> <span class='ocrx_word' id='word_1_569' title='bbox 2595 1445 2834 1512; x_wconf 85' lang='lat' dir='ltr'><strong>ejusdem</strong></span> <span class='ocrx_word' id='word_1_570' title='bbox 2883 1456 2966 1500; x_wconf 87' lang='lat' dir='ltr'><strong>est</strong></span> <span class='ocrx_word' id='word_1_571' title='bbox 3012 1448 3318 1517; x_wconf 83' lang='lat' dir='ltr'><strong>quempiam</strong></span> <span class='ocrx_word' id='word_1_572' title='bbox 3369 1448 3528 1504; x_wconf 89' lang='lat' dir='ltr'><strong>simul</strong></span> <span class='ocrx_word' id='word_1_573' title='bbox 3576 1458 3631 1504; x_wconf 93' lang='lat' dir='ltr'><strong>et</strong></span> <span class='ocrx_word' id='word_1_574' title='bbox 3682 1465 3864 1506; x_wconf 89' lang='lat' dir='ltr'><strong>amare</strong></span> <span class='ocrx_word' id='word_1_575' title='bbox 3915 1462 3972 1506; x_wconf 89' lang='lat' dir='ltr'><strong>et</strong></span> 
     </span>
    </p>
   </div>
   <div class='ocr_carea' id='block_1_75' title="bbox 2371 1534 3973 1611">
    <p class='ocr_par' dir='ltr' id='par_1_75' title="bbox 2371 1534 3973 1611">
     <span class='ocr_line' id='line_1_75' title="bbox 2371 1534 3973 1611; baseline 0.006 -24"><span class='ocrx_word' id='word_1_576' title='bbox 2371 1534 2570 1599; x_wconf 88' lang='lat' dir='ltr'><strong>odisse,</strong></span> <span class='ocrx_word' id='word_1_577' title='bbox 2614 1550 2788 1605; x_wconf 87' lang='lat' dir='ltr'><strong>neque</strong></span> <span class='ocrx_word' id='word_1_578' title='bbox 2833 1538 3103 1607; x_wconf 87' lang='lat' dir='ltr'><strong>corripere</strong></span> <span class='ocrx_word' id='word_1_579' title='bbox 3144 1539 3300 1593; x_wconf 91' lang='lat' dir='ltr'><strong>simul</strong></span> <span class='ocrx_word' id='word_1_580' title='bbox 3342 1549 3396 1595; x_wconf 93' lang='lat' dir='ltr'><strong>et</strong></span> <span class='ocrx_word' id='word_1_581' title='bbox 3436 1541 3793 1611; x_wconf 89' lang='lat' dir='ltr'><strong>dereliquere.</strong></span> <span class='ocrx_word' id='word_1_582' title='bbox 3825 1545 3973 1608; x_wconf 89' lang='lat' dir='ltr'><strong>Quo-</strong></span> 
     </span>
    </p>
   </div>
   <div class='ocr_carea' id='block_1_76' title="bbox 2370 1628 3968 1702">
    <p class='ocr_par' dir='ltr' id='par_1_76' title="bbox 2370 1628 3968 1702">
     <span class='ocr_line' id='line_1_76' title="bbox 2370 1628 3968 1702; baseline 0.004 -22"><span class='ocrx_word' id='word_1_583' title='bbox 2370 1628 2531 1681; x_wconf 89' lang='lat' dir='ltr'><strong>modo</strong></span> <span class='ocrx_word' id='word_1_584' title='bbox 2557 1643 2705 1696; x_wconf 88' lang='lat' dir='ltr'><strong>ergo,</strong></span> <span class='ocrx_word' id='word_1_585' title='bbox 2750 1629 2981 1697; x_wconf 87' lang='lat' dir='ltr'><strong>inquies,</strong></span> <span class='ocrx_word' id='word_1_586' title='bbox 3031 1629 3182 1683; x_wconf 92' lang='lat' dir='ltr'><strong>multi</strong></span> <span class='ocrx_word' id='word_1_587' title='bbox 3225 1631 3584 1685; x_wconf 76' lang='lat' dir='ltr'><strong>corruerunt?</strong></span> <span class='ocrx_word' id='word_1_588' title='bbox 3629 1632 3845 1702; x_wconf 88' lang='lat' dir='ltr'><strong>Seipsos</strong></span> <span class='ocrx_word' id='word_1_589' title='bbox 3893 1633 3968 1687; x_wconf 90' lang='lat' dir='ltr'><strong>illi</strong></span> 
     </span>
    </p>
   </div>
   <div class='ocr_carea' id='block_1_77' title="bbox 2374 1717 3966 1787">
    <p class='ocr_par' dir='ltr' id='par_1_77' title="bbox 2374 1717 3966 1787">
     <span class='ocr_line' id='line_1_77' title="bbox 2374 1717 3966 1787; baseline 0.004 -16"><span class='ocrx_word' id='word_1_590' title='bbox 2374 1717 2483 1773; x_wconf 90' lang='lat' dir='ltr'><strong>Deo</strong></span> <span class='ocrx_word' id='word_1_591' title='bbox 2531 1719 2894 1787; x_wconf 79' lang='lat' dir='ltr'><strong>privaverunt.</strong></span> <span class='ocrx_word' id='word_1_592' title='bbox 2941 1735 3046 1773; x_wconf 91' lang='lat' dir='ltr'><strong>non</strong></span> <span class='ocrx_word' id='word_1_593' title='bbox 3092 1730 3267 1774; x_wconf 89' lang='lat' dir='ltr'><strong>autem</strong></span> <span class='ocrx_word' id='word_1_594' title='bbox 3296 1735 3324 1774; x_wconf 92' lang='lat' dir='ltr'><strong>a</strong></span> <span class='ocrx_word' id='word_1_595' title='bbox 3361 1721 3468 1776; x_wconf 90' lang='lat' dir='ltr'><strong>Deo</strong></span> <span class='ocrx_word' id='word_1_596' title='bbox 3523 1721 3767 1777; x_wconf 90' lang='lat' dir='ltr'><strong>derelicti</strong></span> <span class='ocrx_word' id='word_1_597' title='bbox 3821 1733 3966 1777; x_wconf 87' lang='lat' dir='ltr'><strong>sunt.</strong></span> 
     </span>
    </p>
   </div>
   <div class='ocr_carea' id='block_1_78' title="bbox 2371 1807 3966 1884">
    <p class='ocr_par' dir='ltr' id='par_1_78' title="bbox 2371 1807 3966 1884">
     <span class='ocr_line' id='line_1_78' title="bbox 2371 1807 3966 1884; baseline 0.003 -22"><span class='ocrx_word' id='word_1_598' title='bbox 2371 1807 2505 1866; x_wconf 85' lang='lat' dir='ltr'><strong>Ecce</strong></span> <span class='ocrx_word' id='word_1_599' title='bbox 2528 1813 2694 1875; x_wconf 85' lang='lat' dir='ltr'><strong>enim,</strong></span> <span class='ocrx_word' id='word_1_600' title='bbox 2727 1813 2920 1880; x_wconf 89' lang='lat' dir='ltr'><strong>Inquit,</strong></span> <span class='ocrx_word' id='word_1_601' title='bbox 2949 1812 3036 1881; x_wconf 83' lang='lat' dir='ltr'><strong>qui</strong></span> <span class='ocrx_word' id='word_1_602' title='bbox 3061 1811 3296 1882; x_wconf 82' lang='lat' dir='ltr'><strong>elongant</strong></span> <span class='ocrx_word' id='word_1_603' title='bbox 3325 1829 3378 1866; x_wconf 84' lang='lat' dir='ltr'><strong>se</strong></span> <span class='ocrx_word' id='word_1_604' title='bbox 3405 1830 3436 1866; x_wconf 92' lang='lat' dir='ltr'><strong>a</strong></span> <span class='ocrx_word' id='word_1_605' title='bbox 3463 1822 3509 1866; x_wconf 82' lang='lat' dir='ltr'><strong>te</strong></span> <span class='ocrx_word' id='word_1_606' title='bbox 3537 1813 3767 1882; x_wconf 79' lang='lat' dir='ltr'><strong>peribunt</strong></span> <span class='ocrx_word' id='word_1_607' title='bbox 3793 1814 3966 1884; x_wconf 82' lang='lat' dir='ltr'><strong>(Psal.</strong></span> 
     </span>
    </p>
   </div>
   <div class='ocr_carea' id='block_1_79' title="bbox 2371 1899 3968 1974">
    <p class='ocr_par' dir='ltr' id='par_1_79' title="bbox 2371 1899 3968 1974">
     <span class='ocr_line' id='line_1_79' title="bbox 2371 1899 3968 1974; baseline 0.007 -22"><span class='ocrx_word' id='word_1_608' title='bbox 2371 1901 2461 1953; x_wconf 62' lang='grc' dir='ltr'><strong>.</strong></span> <span class='ocrx_word' id='word_1_609' title='bbox 2505 1899 2622 1970; x_wconf 70' lang='grc'><strong>27).</strong></span> <span class='ocrx_word' id='word_1_610' title='bbox 2675 1901 2936 1972; x_wconf 83' lang='lat' dir='ltr'><strong>Elongant</strong></span> <span class='ocrx_word' id='word_1_611' title='bbox 2981 1918 3042 1957; x_wconf 88' lang='lat' dir='ltr'><strong>se</strong></span> <span class='ocrx_word' id='word_1_612' title='bbox 3072 1918 3200 1957; x_wconf 88' lang='lat' dir='ltr'><strong>vero</strong></span> <span class='ocrx_word' id='word_1_613' title='bbox 3243 1903 3294 1956; x_wconf 38' lang='lat' dir='ltr'><strong>a</strong></span> <span class='ocrx_word' id='word_1_614' title='bbox 3321 1904 3430 1958; x_wconf 90' lang='lat' dir='ltr'><strong>Deo</strong></span> <span class='ocrx_word' id='word_1_615' title='bbox 3475 1905 3563 1974; x_wconf 91' lang='lat' dir='ltr'><strong>qui</strong></span> <span class='ocrx_word' id='word_1_616' title='bbox 3607 1908 3968 1963; x_wconf 69' lang='lat' dir='ltr'><strong>correctione:</strong></span> 
     </span>
    </p>
   </div>
   <div class='ocr_carea' id='block_1_80' title="bbox 2371 1994 3969 2068">
    <p class='ocr_par' dir='ltr' id='par_1_80' title="bbox 2371 1994 3969 2068">
     <span class='ocr_line' id='line_1_80' title="bbox 2371 1994 3969 2068; baseline 0.002 -20"><span class='ocrx_word' id='word_1_617' title='bbox 2371 1994 2512 2049; x_wconf 88' lang='lat' dir='ltr'><strong>illius</strong></span> <span class='ocrx_word' id='word_1_618' title='bbox 2545 2010 2646 2047; x_wconf 81' lang='lat' dir='ltr'><strong>non</strong></span> <span class='ocrx_word' id='word_1_619' title='bbox 2696 1996 2977 2061; x_wconf 86' lang='lat' dir='ltr'><strong>sustinent,</strong></span> <span class='ocrx_word' id='word_1_620' title='bbox 3012 1994 3106 2051; x_wconf 87' lang='lat' dir='ltr'><strong>sed</strong></span> <span class='ocrx_word' id='word_1_621' title='bbox 3154 1997 3454 2051; x_wconf 86' lang='lat' dir='ltr'><strong>irascuntur</strong></span> <span class='ocrx_word' id='word_1_622' title='bbox 3484 2005 3642 2067; x_wconf 86' lang='lat' dir='ltr'><strong>atque</strong></span> <span class='ocrx_word' id='word_1_623' title='bbox 3689 1998 3969 2068; x_wconf 83' lang='lat' dir='ltr'><strong>indignan-</strong></span> 
     </span>
    </p>
   </div>
   <div class='ocr_carea' id='block_1_81' title="bbox 2371 2088 3966 2160">
    <p class='ocr_par' dir='ltr' id='par_1_81' title="bbox 2371 2088 3966 2160">
     <span class='ocr_line' id='line_1_81' title="bbox 2371 2088 3966 2160; baseline 0.003 -19"><span class='ocrx_word' id='word_1_624' title='bbox 2371 2096 2494 2153; x_wconf 92' lang='lat' dir='ltr'><strong>tur;</strong></span> <span class='ocrx_word' id='word_1_625' title='bbox 2527 2102 2589 2141; x_wconf 88' lang='lat' dir='ltr'><strong>ac</strong></span> <span class='ocrx_word' id='word_1_626' title='bbox 2636 2089 2794 2142; x_wconf 87' lang='lat' dir='ltr'><strong>veluti</strong></span> <span class='ocrx_word' id='word_1_627' title='bbox 2845 2090 3080 2158; x_wconf 82' lang='lat' dir='ltr'><strong>perversi</strong></span> <span class='ocrx_word' id='word_1_628' title='bbox 3131 2088 3240 2152; x_wconf 86' lang='lat' dir='ltr'><strong>filii,</strong></span> <span class='ocrx_word' id='word_1_629' title='bbox 3282 2104 3402 2143; x_wconf 90' lang='lat' dir='ltr'><strong>cum</strong></span> <span class='ocrx_word' id='word_1_630' title='bbox 3431 2105 3460 2145; x_wconf 90' lang='lat' dir='ltr'><strong>a</strong></span> <span class='ocrx_word' id='word_1_631' title='bbox 3502 2089 3738 2160; x_wconf 88' lang='lat' dir='ltr'><strong>patribus</strong></span> <span class='ocrx_word' id='word_1_632' title='bbox 3789 2091 3966 2146; x_wconf 87' lang='lat' dir='ltr'><strong>traditi</strong></span> 
     </span>
    </p>
   </div>
   <div class='ocr_carea' id='block_1_82' title="bbox 2371 2179 3967 2252">
    <p class='ocr_par' dir='ltr' id='par_1_82' title="bbox 2371 2179 3967 2252">
     <span class='ocr_line' id='line_1_82' title="bbox 2371 2179 3967 2252; baseline 0.004 -19"><span class='ocrx_word' id='word_1_633' title='bbox 2371 2179 2658 2248; x_wconf 86' lang='lat' dir='ltr'><strong>magistris,</strong></span> <span class='ocrx_word' id='word_1_634' title='bbox 2687 2179 2768 2235; x_wconf 88' lang='lat' dir='ltr'><strong>vel</strong></span> <span class='ocrx_word' id='word_1_635' title='bbox 2800 2181 3135 2249; x_wconf 87' lang='lat' dir='ltr'><strong>impatientes</strong></span> <span class='ocrx_word' id='word_1_636' title='bbox 3162 2181 3381 2247; x_wconf 88' lang='lat' dir='ltr'><strong>laboris,</strong></span> <span class='ocrx_word' id='word_1_637' title='bbox 3425 2181 3512 2238; x_wconf 81' lang='lat' dir='ltr'><strong>vel</strong></span> <span class='ocrx_word' id='word_1_638' title='bbox 3559 2182 3822 2252; x_wconf 86' lang='lat' dir='ltr'><strong>fugientes</strong></span> <span class='ocrx_word' id='word_1_639' title='bbox 3850 2201 3967 2240; x_wconf 87' lang='lat' dir='ltr'><strong>vcr-</strong></span> 
     </span>
    </p>
   </div>
   <div class='ocr_carea' id='block_1_83' title="bbox 2371 2269 3965 2342">
    <p class='ocr_par' dir='ltr' id='par_1_83' title="bbox 2371 2269 3965 2342">
     <span class='ocr_line' id='line_1_83' title="bbox 2371 2269 3965 2342; baseline 0.005 -20"><span class='ocrx_word' id='word_1_640' title='bbox 2371 2269 2517 2332; x_wconf 88' lang='lat' dir='ltr'><strong>bera,</strong></span> <span class='ocrx_word' id='word_1_641' title='bbox 2545 2281 2820 2340; x_wconf 85' lang='lat' dir='ltr'><strong>parentum</strong></span> <span class='ocrx_word' id='word_1_642' title='bbox 2851 2282 3098 2342; x_wconf 88' lang='lat' dir='ltr'><strong>aspectus</strong></span> <span class='ocrx_word' id='word_1_643' title='bbox 3120 2272 3408 2338; x_wconf 89' lang='lat' dir='ltr'><strong>declinant,</strong></span> <span class='ocrx_word' id='word_1_644' title='bbox 3437 2274 3568 2328; x_wconf 87' lang='lat' dir='ltr'><strong>nihil</strong></span> <span class='ocrx_word' id='word_1_645' title='bbox 3597 2275 3720 2331; x_wconf 90' lang='lat' dir='ltr'><strong>inde</strong></span> <span class='ocrx_word' id='word_1_646' title='bbox 3748 2276 3965 2330; x_wconf 82' lang='lat' dir='ltr'><strong>lucran-</strong></span> 
     </span>
    </p>
   </div>
   <div class='ocr_carea' id='block_1_84' title="bbox 2371 2363 3967 2440">
    <p class='ocr_par' dir='ltr' id='par_1_84' title="bbox 2371 2363 3967 2440">
     <span class='ocr_line' id='line_1_84' title="bbox 2371 2363 3967 2440; baseline 0.008 -25"><span class='ocrx_word' id='word_1_647' title='bbox 2371 2369 2474 2424; x_wconf 90' lang='lat' dir='ltr'><strong>tur,</strong></span> <span class='ocrx_word' id='word_1_648' title='bbox 2505 2363 2597 2417; x_wconf 88' lang='lat' dir='ltr'><strong>sed</strong></span> <span class='ocrx_word' id='word_1_649' title='bbox 2627 2364 2957 2433; x_wconf 81' lang='lat' dir='ltr'><strong>gravioribus</strong></span> <span class='ocrx_word' id='word_1_650' title='bbox 2988 2365 3340 2422; x_wconf 88' lang='lat' dir='ltr'><strong>incommodis</strong></span> <span class='ocrx_word' id='word_1_651' title='bbox 3384 2383 3442 2422; x_wconf 88' lang='lat' dir='ltr'><strong>se</strong></span> <span class='ocrx_word' id='word_1_652' title='bbox 3471 2369 3766 2440; x_wconf 81' lang='lat' dir='ltr'><strong>implicant,</strong></span> <span class='ocrx_word' id='word_1_653' title='bbox 3807 2379 3967 2440; x_wconf 83' lang='lat' dir='ltr'><strong>atque</strong></span> 
     </span>
    </p>
   </div>
   <div class='ocr_carea' id='block_1_85' title="bbox 2368 2450 3968 2532">
    <p class='ocr_par' dir='ltr' id='par_1_85' title="bbox 2368 2450 3968 2532">
     <span class='ocr_line' id='line_1_85' title="bbox 2368 2450 3968 2532; baseline 0.007 -25"><span class='ocrx_word' id='word_1_654' title='bbox 2368 2450 2421 2506; x_wconf 89' lang='lat' dir='ltr'><strong>in</strong></span> <span class='ocrx_word' id='word_1_655' title='bbox 2449 2454 2620 2509; x_wconf 90' lang='lat' dir='ltr'><strong>aliena</strong></span> <span class='ocrx_word' id='word_1_656' title='bbox 2650 2456 2868 2524; x_wconf 85' lang='lat' dir='ltr'><strong>regione</strong></span> <span class='ocrx_word' id='word_1_657' title='bbox 2895 2457 3049 2511; x_wconf 88' lang='lat' dir='ltr'><strong>famis</strong></span> <span class='ocrx_word' id='word_1_658' title='bbox 3078 2468 3132 2512; x_wconf 91' lang='lat' dir='ltr'><strong>et</strong></span> <span class='ocrx_word' id='word_1_659' title='bbox 3157 2459 3362 2514; x_wconf 90' lang='lat' dir='ltr'><strong>erroris</strong></span> <span class='ocrx_word' id='word_1_660' title='bbox 3388 2476 3449 2515; x_wconf 90' lang='lat' dir='ltr'><strong>ac</strong></span> <span class='ocrx_word' id='word_1_661' title='bbox 3476 2463 3784 2517; x_wconf 86' lang='lat' dir='ltr'><strong>morborum</strong></span> <span class='ocrx_word' id='word_1_662' title='bbox 3816 2463 3968 2532; x_wconf 80' lang='lat' dir='ltr'><strong>igno-</strong></span> 
     </span>
    </p>
   </div>
   <div class='ocr_carea' id='block_1_86' title="bbox 2368 2544 3967 2624">
    <p class='ocr_par' dir='ltr' id='par_1_86' title="bbox 2368 2544 3967 2624">
     <span class='ocr_line' id='line_1_86' title="bbox 2368 2544 3967 2624; baseline 0.006 -26"><span class='ocrx_word' id='word_1_663' title='bbox 2368 2544 2652 2616; x_wconf 72' lang='lat' dir='ltr'><strong>miuizeque</strong></span> <span class='ocrx_word' id='word_1_664' title='bbox 2678 2556 2730 2600; x_wconf 94' lang='lat' dir='ltr'><strong>et</strong></span> <span class='ocrx_word' id='word_1_665' title='bbox 2755 2548 3028 2603; x_wconf 81' lang='lat' dir='ltr'><strong>servitutis</strong></span> <span class='ocrx_word' id='word_1_666' title='bbox 3060 2566 3325 2604; x_wconf 67' lang='lat' dir='ltr'><strong>aerumnas</strong></span> <span class='ocrx_word' id='word_1_667' title='bbox 3347 2551 3528 2608; x_wconf 89' lang='lat' dir='ltr'><strong>subire</strong></span> <span class='ocrx_word' id='word_1_668' title='bbox 3557 2563 3817 2624; x_wconf 88' lang='lat' dir='ltr'><strong>coguntur</strong></span> <span class='ocrx_word' id='word_1_669' title='bbox 3846 2571 3858 2608; x_wconf 76' lang='grc' dir='ltr'><strong></strong></span> <span class='ocrx_word' id='word_1_670' title='bbox 3895 2556 3967 2608; x_wconf 86' lang='lat' dir='ltr'><strong>ita</strong></span> 
     </span>
    </p>
   </div>
   <div class='ocr_carea' id='block_1_87' title="bbox 2368 2637 3966 2712">
    <p class='ocr_par' dir='ltr' id='par_1_87' title="bbox 2368 2637 3966 2712">
     <span class='ocr_line' id='line_1_87' title="bbox 2368 2637 3966 2712; baseline 0.006 -23"><span class='ocrx_word' id='word_1_671' title='bbox 2368 2643 2423 2690; x_wconf 90' lang='lat' dir='ltr'><strong>et</strong></span> <span class='ocrx_word' id='word_1_672' title='bbox 2450 2637 2538 2705; x_wconf 91' lang='lat' dir='ltr'><strong>qui</strong></span> <span class='ocrx_word' id='word_1_673' title='bbox 2573 2637 2663 2690; x_wconf 90' lang='lat' dir='ltr'><strong>Dei</strong></span> <span class='ocrx_word' id='word_1_674' title='bbox 2688 2637 3025 2709; x_wconf 86' lang='lat' dir='ltr'><strong>disciplin-am</strong></span> <span class='ocrx_word' id='word_1_675' title='bbox 3057 2655 3162 2695; x_wconf 87' lang='lat' dir='ltr'><strong>non</strong></span> <span class='ocrx_word' id='word_1_676' title='bbox 3205 2650 3353 2712; x_wconf 90' lang='lat' dir='ltr'><strong>grato</strong></span> <span class='ocrx_word' id='word_1_677' title='bbox 3381 2643 3561 2698; x_wconf 90' lang='lat' dir='ltr'><strong>animo</strong></span> <span class='ocrx_word' id='word_1_678' title='bbox 3591 2646 3838 2711; x_wconf 88' lang='lat' dir='ltr'><strong>tolerant,</strong></span> <span class='ocrx_word' id='word_1_679' title='bbox 3872 2645 3966 2700; x_wconf 88' lang='lat' dir='ltr'><strong>in-</strong></span> 
     </span>
    </p>
   </div>
   <div class='ocr_carea' id='block_1_88' title="bbox 2367 2726 3968 2808">
    <p class='ocr_par' dir='ltr' id='par_1_88' title="bbox 2367 2726 3968 2808">
     <span class='ocr_line' id='line_1_88' title="bbox 2367 2726 3968 2808; baseline 0.009 -28"><span class='ocrx_word' id='word_1_680' title='bbox 2367 2726 2756 2800; x_wconf 88' lang='lat' dir='ltr'><strong>dignanturque</strong></span> <span class='ocrx_word' id='word_1_681' title='bbox 2799 2741 2852 2785; x_wconf 89' lang='lat' dir='ltr'><strong>et</strong></span> <span class='ocrx_word' id='word_1_682' title='bbox 2890 2734 3123 2803; x_wconf 89' lang='lat' dir='ltr'><strong>graviter</strong></span> <span class='ocrx_word' id='word_1_683' title='bbox 3167 2733 3378 2800; x_wconf 84' lang='lat' dir='ltr'><strong>ferunt,</strong></span> <span class='ocrx_word' id='word_1_684' title='bbox 3427 2746 3782 2807; x_wconf 61' lang='lat' dir='ltr'><strong>praeterquam</strong></span> <span class='ocrx_word' id='word_1_685' title='bbox 3820 2739 3968 2808; x_wconf 80' lang='lat' dir='ltr'><strong>quod</strong></span> 
     </span>
    </p>
   </div>
   <div class='ocr_carea' id='block_1_89' title="bbox 2368 2817 3964 2888">
    <p class='ocr_par' dir='ltr' id='par_1_89' title="bbox 2368 2817 3964 2888">
     <span class='ocr_line' id='line_1_89' title="bbox 2368 2817 3964 2888; baseline 0.009 -18"><span class='ocrx_word' id='word_1_686' title='bbox 2368 2817 2496 2872; x_wconf 84' lang='lat' dir='ltr'><strong>nihil</strong></span> <span class='ocrx_word' id='word_1_687' title='bbox 2525 2835 2590 2872; x_wconf 85' lang='lat' dir='ltr'><strong>ex</strong></span> <span class='ocrx_word' id='word_1_688' title='bbox 2620 2835 2680 2875; x_wconf 83' lang='lat' dir='ltr'><strong>ea</strong></span> <span class='ocrx_word' id='word_1_689' title='bbox 2712 2822 3003 2888; x_wconf 83' lang='lat' dir='ltr'><strong>lucramur,</strong></span> <span class='ocrx_word' id='word_1_690' title='bbox 3039 2825 3262 2880; x_wconf 80' lang='lat' dir='ltr'><strong>summis</strong></span> <span class='ocrx_word' id='word_1_691' title='bbox 3306 2839 3364 2880; x_wconf 85' lang='lat' dir='ltr'><strong>se</strong></span> <span class='ocrx_word' id='word_1_692' title='bbox 3409 2827 3801 2883; x_wconf 84' lang='lat' dir='ltr'><strong>calamitatibus</strong></span> <span class='ocrx_word' id='word_1_693' title='bbox 3839 2829 3964 2884; x_wconf 79' lang='lat' dir='ltr'><strong>af-</strong></span> 
     </span>
    </p>
   </div>
   <div class='ocr_carea' id='block_1_90' title="bbox 2364 2909 3965 2991">
    <p class='ocr_par' dir='ltr' id='par_1_90' title="bbox 2364 2909 3965 2991">
     <span class='ocr_line' id='line_1_90' title="bbox 2364 2909 3965 2991; baseline 0.008 -26"><span class='ocrx_word' id='word_1_694' title='bbox 2364 2909 2531 2965; x_wconf 79' lang='lat' dir='ltr'><strong>ciunt.</strong></span> <span class='ocrx_word' id='word_1_695' title='bbox 2561 2911 2821 2978; x_wconf 87' lang='lat' dir='ltr'><strong>Quocirca</strong></span> <span class='ocrx_word' id='word_1_696' title='bbox 2854 2915 3089 2970; x_wconf 85' lang='lat' dir='ltr'><strong>tolerare</strong></span> <span class='ocrx_word' id='word_1_697' title='bbox 3116 2917 3486 2984; x_wconf 87' lang='lat' dir='ltr'><strong>admonemur,</strong></span> <span class='ocrx_word' id='word_1_698' title='bbox 3514 2929 3568 2973; x_wconf 89' lang='lat' dir='ltr'><strong>et</strong></span> <span class='ocrx_word' id='word_1_699' title='bbox 3596 2919 3825 2991; x_wconf 86' lang='lat' dir='ltr'><strong>dirigere</strong></span> <span class='ocrx_word' id='word_1_700' title='bbox 3869 2937 3965 2978; x_wconf 85' lang='lat' dir='ltr'><strong>cur</strong></span> 
     </span>
    </p>
   </div>
   <div class='ocr_carea' id='block_1_91' title="bbox 2365 3007 3962 3085">
    <p class='ocr_par' dir='ltr' id='par_1_91' title="bbox 2365 3007 3962 3085">
     <span class='ocr_line' id='line_1_91' title="bbox 2365 3007 3962 3085; baseline 0.009 -28"><span class='ocrx_word' id='word_1_701' title='bbox 2365 3013 2629 3059; x_wconf 89' lang='lat' dir='ltr'><strong>nostrum.</strong></span> <span class='ocrx_word' id='word_1_702' title='bbox 2659 3007 2728 3060; x_wconf 88' lang='lat' dir='ltr'><strong>At</strong></span> <span class='ocrx_word' id='word_1_703' title='bbox 2766 3008 2933 3062; x_wconf 92' lang='lat' dir='ltr'><strong>multo</strong></span> <span class='ocrx_word' id='word_1_704' title='bbox 2959 3010 3204 3079; x_wconf 87' lang='lat' dir='ltr'><strong>graviora</strong></span> <span class='ocrx_word' id='word_1_705' title='bbox 3238 3020 3288 3066; x_wconf 92' lang='lat' dir='ltr'><strong>te</strong></span> <span class='ocrx_word' id='word_1_706' title='bbox 3319 3013 3520 3082; x_wconf 90' lang='lat' dir='ltr'><strong>perpeti</strong></span> <span class='ocrx_word' id='word_1_707' title='bbox 3552 3012 3715 3068; x_wconf 88' lang='lat' dir='ltr'><strong>dices.</strong></span> <span class='ocrx_word' id='word_1_708' title='bbox 3745 3014 3821 3070; x_wconf 88' lang='lat' dir='ltr'><strong>Ne</strong></span> <span class='ocrx_word' id='word_1_709' title='bbox 3850 3031 3962 3085; x_wconf 71' lang='lat' dir='ltr'><strong>pte-</strong></span> 
     </span>
    </p>
   </div>
   <div class='ocr_carea' id='block_1_92' title="bbox 2363 3095 3966 3176">
    <p class='ocr_par' dir='ltr' id='par_1_92' title="bbox 2363 3095 3966 3176">
     <span class='ocr_line' id='line_1_92' title="bbox 2363 3095 3966 3176; baseline 0.009 -26"><span class='ocrx_word' id='word_1_710' title='bbox 2363 3095 2588 3152; x_wconf 75' lang='lat' dir='ltr'><strong>dotribce</strong></span> <span class='ocrx_word' id='word_1_711' title='bbox 2615 3099 2826 3168; x_wconf 85' lang='lat' dir='ltr'><strong>quidem</strong></span> <span class='ocrx_word' id='word_1_712' title='bbox 2854 3115 3039 3155; x_wconf 91' lang='lat' dir='ltr'><strong>omnes</strong></span> <span class='ocrx_word' id='word_1_713' title='bbox 3080 3104 3355 3172; x_wconf 66' lang='lat' dir='ltr'><strong>aequaliter</strong></span> <span class='ocrx_word' id='word_1_714' title='bbox 3381 3115 3539 3176; x_wconf 90' lang='lat' dir='ltr'><strong>atque</strong></span> <span class='ocrx_word' id='word_1_715' title='bbox 3567 3107 3757 3164; x_wconf 88' lang='lat' dir='ltr'><strong>eodem</strong></span> <span class='ocrx_word' id='word_1_716' title='bbox 3803 3110 3966 3164; x_wconf 90' lang='lat' dir='ltr'><strong>modo</strong></span> 
     </span>
    </p>
   </div>
   <div class='ocr_carea' id='block_1_93' title="bbox 2362 3193 3964 3273">
    <p class='ocr_par' dir='ltr' id='par_1_93' title="bbox 2362 3193 3964 3273">
     <span class='ocr_line' id='line_1_93' title="bbox 2362 3193 3964 3273; baseline 0.009 -29"><span class='ocrx_word' id='word_1_717' title='bbox 2362 3201 2632 3258; x_wconf 80' lang='lat' dir='ltr'><strong>exercent,</strong></span> <span class='ocrx_word' id='word_1_718' title='bbox 2651 3193 2743 3247; x_wconf 89' lang='lat' dir='ltr'><strong>sed</strong></span> <span class='ocrx_word' id='word_1_719' title='bbox 2763 3195 3196 3250; x_wconf 88' lang='lat' dir='ltr'><strong>imbecillioribus</strong></span> <span class='ocrx_word' id='word_1_720' title='bbox 3215 3197 3527 3263; x_wconf 89' lang='lat' dir='ltr'><strong>imbecilles,</strong></span> <span class='ocrx_word' id='word_1_721' title='bbox 3546 3199 3964 3273; x_wconf 87' lang='lat' dir='ltr'><strong>furtioribusqne</strong></span> 
     </span>
    </p>
   </div>
   <div class='ocr_carea' id='block_1_94' title="bbox 2363 3283 3962 3358">
    <p class='ocr_par' dir='ltr' id='par_1_94' title="bbox 2363 3283 3962 3358">
     <span class='ocr_line' id='line_1_94' title="bbox 2363 3283 3962 3358; baseline 0.008 -21"><span class='ocrx_word' id='word_1_722' title='bbox 2363 3283 2446 3337; x_wconf 88' lang='lat' dir='ltr'><strong>sui</strong></span> <span class='ocrx_word' id='word_1_723' title='bbox 2487 3284 2687 3338; x_wconf 88' lang='lat' dir='ltr'><strong>similes</strong></span> <span class='ocrx_word' id='word_1_724' title='bbox 2735 3286 2970 3340; x_wconf 85' lang='lat' dir='ltr'><strong>tradunt.</strong></span> <span class='ocrx_word' id='word_1_725' title='bbox 3017 3287 3148 3341; x_wconf 85' lang='lat' dir='ltr'><strong>Nam</strong></span> <span class='ocrx_word' id='word_1_726' title='bbox 3181 3289 3269 3358; x_wconf 89' lang='lat' dir='ltr'><strong>qui</strong></span> <span class='ocrx_word' id='word_1_727' title='bbox 3317 3291 3428 3344; x_wconf 88' lang='lat' dir='ltr'><strong>suis</strong></span> <span class='ocrx_word' id='word_1_728' title='bbox 3466 3293 3665 3346; x_wconf 86' lang='lat' dir='ltr'><strong>viribus</strong></span> <span class='ocrx_word' id='word_1_729' title='bbox 3694 3294 3962 3350; x_wconf 87' lang='lat' dir='ltr'><strong>minorem</strong></span> 
     </span>
    </p>
   </div>
   <div class='ocr_carea' id='block_1_95' title="bbox 2362 3375 3963 3443">
    <p class='ocr_par' dir='ltr' id='par_1_95' title="bbox 2362 3375 3963 3443">
     <span class='ocr_line' id='line_1_95' title="bbox 2362 3375 3963 3443; baseline 0.008 -16"><span class='ocrx_word' id='word_1_730' title='bbox 2362 3375 2751 3443; x_wconf 85' lang='lat' dir='ltr'><strong>antagonislam</strong></span> <span class='ocrx_word' id='word_1_731' title='bbox 2786 3375 2944 3431; x_wconf 87' lang='lat' dir='ltr'><strong>fuerit</strong></span> <span class='ocrx_word' id='word_1_732' title='bbox 2973 3388 3183 3442; x_wconf 86' lang='lat' dir='ltr'><strong>nactus,</strong></span> <span class='ocrx_word' id='word_1_733' title='bbox 3212 3379 3423 3436; x_wconf 90' lang='lat' dir='ltr'><strong>etiamsi</strong></span> <span class='ocrx_word' id='word_1_734' title='bbox 3470 3392 3577 3436; x_wconf 91' lang='lat' dir='ltr'><strong>tota</strong></span> <span class='ocrx_word' id='word_1_735' title='bbox 3604 3383 3690 3437; x_wconf 90' lang='lat' dir='ltr'><strong>die</strong></span> <span class='ocrx_word' id='word_1_736' title='bbox 3720 3384 3797 3438; x_wconf 90' lang='lat' dir='ltr'><strong>illi</strong></span> <span class='ocrx_word' id='word_1_737' title='bbox 3825 3399 3963 3440; x_wconf 91' lang='lat' dir='ltr'><strong>con-</strong></span> 
     </span>
    </p>
   </div>
   <div class='ocr_carea' id='block_1_96' title="bbox 2362 3463 3966 3545">
    <p class='ocr_par' dir='ltr' id='par_1_96' title="bbox 2362 3463 3966 3545">
     <span class='ocr_line' id='line_1_96' title="bbox 2362 3463 3966 3545; baseline 0.007 -28"><span class='ocrx_word' id='word_1_738' title='bbox 2362 3463 2649 3532; x_wconf 88' lang='lat' dir='ltr'><strong>grediatur,</strong></span> <span class='ocrx_word' id='word_1_739' title='bbox 2681 3468 3056 3522; x_wconf 76' lang='lat' dir='ltr'><strong>inexercitatus</strong></span> <span class='ocrx_word' id='word_1_740' title='bbox 3089 3479 3261 3524; x_wconf 90' lang='lat' dir='ltr'><strong>tamen</strong></span> <span class='ocrx_word' id='word_1_741' title='bbox 3309 3482 3605 3539; x_wconf 89' lang='lat' dir='ltr'><strong>permanet.</strong></span> <span class='ocrx_word' id='word_1_742' title='bbox 3654 3474 3760 3529; x_wconf 90' lang='lat' dir='ltr'><strong>Cur</strong></span> <span class='ocrx_word' id='word_1_743' title='bbox 3787 3490 3918 3545; x_wconf 85' lang='lat' dir='ltr'><strong>ergo</strong></span> <span class='ocrx_word' id='word_1_744' title='bbox 3944 3519 3966 3542; x_wconf 81' lang='lat'><strong>,</strong></span> 
     </span>
    </p>
   </div>
   <div class='ocr_carea' id='block_1_97' title="bbox 2363 3557 3964 3635">
    <p class='ocr_par' dir='ltr' id='par_1_97' title="bbox 2363 3557 3964 3635">
     <span class='ocr_line' id='line_1_97' title="bbox 2363 3557 3964 3635; baseline 0.009 -25"><span class='ocrx_word' id='word_1_745' title='bbox 2363 3557 2590 3627; x_wconf 90' lang='lat' dir='ltr'><strong>inquies,</strong></span> <span class='ocrx_word' id='word_1_746' title='bbox 2623 3574 2726 3613; x_wconf 89' lang='lat' dir='ltr'><strong>non</strong></span> <span class='ocrx_word' id='word_1_747' title='bbox 2758 3575 2945 3614; x_wconf 88' lang='lat' dir='ltr'><strong>omnes</strong></span> <span class='ocrx_word' id='word_1_748' title='bbox 2984 3561 3075 3631; x_wconf 90' lang='lat' dir='ltr'><strong>qui</strong></span> <span class='ocrx_word' id='word_1_749' title='bbox 3104 3563 3349 3618; x_wconf 87' lang='lat' dir='ltr'><strong>eamdem</strong></span> <span class='ocrx_word' id='word_1_750' title='bbox 3391 3566 3602 3635; x_wconf 89' lang='lat' dir='ltr'><strong>elegere</strong></span> <span class='ocrx_word' id='word_1_751' title='bbox 3630 3569 3814 3634; x_wconf 86' lang='lat' dir='ltr'><strong>vitam,</strong></span> <span class='ocrx_word' id='word_1_752' title='bbox 3849 3570 3964 3625; x_wconf 77' lang='lat' dir='ltr'><strong>eis-</strong></span> 
     </span>
    </p>
   </div>
   <div class='ocr_carea' id='block_1_98' title="bbox 2361 3650 3966 3727">
    <p class='ocr_par' dir='ltr' id='par_1_98' title="bbox 2361 3650 3966 3727">
     <span class='ocr_line' id='line_1_98' title="bbox 2361 3650 3966 3727; baseline 0.009 -23"><span class='ocrx_word' id='word_1_753' title='bbox 2361 3650 2482 3705; x_wconf 90' lang='lat' dir='ltr'><strong>dem</strong></span> <span class='ocrx_word' id='word_1_754' title='bbox 2525 3653 2685 3706; x_wconf 89' lang='lat' dir='ltr'><strong>etiam</strong></span> <span class='ocrx_word' id='word_1_755' title='bbox 2734 3653 3004 3709; x_wconf 83' lang='lat' dir='ltr'><strong>laboribus</strong></span> <span class='ocrx_word' id='word_1_756' title='bbox 3050 3666 3257 3712; x_wconf 88' lang='lat' dir='ltr'><strong>certare</strong></span> <span class='ocrx_word' id='word_1_757' title='bbox 3304 3658 3476 3712; x_wconf 82' lang='lat' dir='ltr'><strong>facit?</strong></span> <span class='ocrx_word' id='word_1_758' title='bbox 3517 3659 3648 3727; x_wconf 88' lang='lat' dir='ltr'><strong>Quia</strong></span> <span class='ocrx_word' id='word_1_759' title='bbox 3697 3677 3804 3716; x_wconf 89' lang='lat' dir='ltr'><strong>non</strong></span> <span class='ocrx_word' id='word_1_760' title='bbox 3855 3678 3966 3720; x_wconf 81' lang='lat' dir='ltr'><strong>una-</strong></span> 
     </span>
    </p>
   </div>
   <div class='ocr_carea' id='block_1_99' title="bbox 2362 3745 3964 3825">
    <p class='ocr_par' dir='ltr' id='par_1_99' title="bbox 2362 3745 3964 3825">
     <span class='ocr_line' id='line_1_99' title="bbox 2362 3745 3964 3825; baseline 0.009 -28"><span class='ocrx_word' id='word_1_761' title='bbox 2362 3745 2499 3814; x_wconf 87' lang='lat' dir='ltr'><strong>apud</strong></span> <span class='ocrx_word' id='word_1_762' title='bbox 2545 3747 2707 3800; x_wconf 85' lang='lat' dir='ltr'><strong>Deum</strong></span> <span class='ocrx_word' id='word_1_763' title='bbox 2734 3757 2818 3802; x_wconf 89' lang='lat' dir='ltr'><strong>cst</strong></span> <span class='ocrx_word' id='word_1_764' title='bbox 2859 3749 3256 3805; x_wconf 86' lang='lat' dir='ltr'><strong>exercitationis</strong></span> <span class='ocrx_word' id='word_1_765' title='bbox 3295 3753 3524 3822; x_wconf 88' lang='lat' dir='ltr'><strong>species,</strong></span> <span class='ocrx_word' id='word_1_766' title='bbox 3570 3771 3744 3825; x_wconf 91' lang='lat' dir='ltr'><strong>neque</strong></span> <span class='ocrx_word' id='word_1_767' title='bbox 3770 3771 3964 3813; x_wconf 90' lang='lat' dir='ltr'><strong>omnes</strong></span> 
     </span>
    </p>
   </div>
   <div class='ocr_carea' id='block_1_100' title="bbox 2362 3837 3964 3919">
    <p class='ocr_par' dir='ltr' id='par_1_100' title="bbox 2362 3837 3964 3919">
     <span class='ocr_line' id='line_1_100' title="bbox 2362 3837 3964 3919; baseline 0.009 -29"><span class='ocrx_word' id='word_1_768' title='bbox 2362 3837 2564 3891; x_wconf 87' lang='lat' dir='ltr'><strong>eisdem</strong></span> <span class='ocrx_word' id='word_1_769' title='bbox 2593 3853 2727 3907; x_wconf 73' lang='lat' dir='ltr'><strong>Opus</strong></span> <span class='ocrx_word' id='word_1_770' title='bbox 2759 3839 2974 3906; x_wconf 89' lang='lat' dir='ltr'><strong>habent,</strong></span> <span class='ocrx_word' id='word_1_771' title='bbox 3023 3842 3232 3898; x_wconf 84' lang='lat' dir='ltr'><strong>etiamsi</strong></span> <span class='ocrx_word' id='word_1_772' title='bbox 3280 3844 3332 3897; x_wconf 94' lang='lat' dir='ltr'><strong>in</strong></span> <span class='ocrx_word' id='word_1_773' title='bbox 3377 3845 3566 3900; x_wconf 87' lang='lat' dir='ltr'><strong>eodem</strong></span> <span class='ocrx_word' id='word_1_774' title='bbox 3609 3848 3731 3903; x_wconf 65' lang='lat' dir='ltr'><strong>vitm</strong></span> <span class='ocrx_word' id='word_1_775' title='bbox 3759 3863 3964 3919; x_wconf 87' lang='lat' dir='ltr'><strong>genere</strong></span> 
     </span>
    </p>
   </div>
   <div class='ocr_carea' id='block_1_101' title="bbox 2360 3931 3961 4002">
    <p class='ocr_par' dir='ltr' id='par_1_101' title="bbox 2360 3931 3961 4002">
     <span class='ocr_line' id='line_1_101' title="bbox 2360 3931 3961 4002; baseline 0.009 -19"><span class='ocrx_word' id='word_1_776' title='bbox 2360 3931 2467 3984; x_wconf 88' lang='lat' dir='ltr'><strong>sint</strong></span> <span class='ocrx_word' id='word_1_777' title='bbox 2497 3949 2509 3985; x_wconf 94' lang='lat'><strong>:</strong></span> <span class='ocrx_word' id='word_1_778' title='bbox 2539 3932 2732 4001; x_wconf 89' lang='lat' dir='ltr'><strong>quippe</strong></span> <span class='ocrx_word' id='word_1_779' title='bbox 2774 3941 2826 3987; x_wconf 87' lang='lat' dir='ltr'><strong>et</strong></span> <span class='ocrx_word' id='word_1_780' title='bbox 2867 3934 3078 4002; x_wconf 91' lang='lat' dir='ltr'><strong>plurimi</strong></span> <span class='ocrx_word' id='word_1_781' title='bbox 3117 3950 3238 3991; x_wconf 91' lang='lat' dir='ltr'><strong>cum</strong></span> <span class='ocrx_word' id='word_1_782' title='bbox 3272 3937 3473 3992; x_wconf 89' lang='lat' dir='ltr'><strong>eisdem</strong></span> <span class='ocrx_word' id='word_1_783' title='bbox 3523 3941 3831 3995; x_wconf 87' lang='lat' dir='ltr'><strong>morborum</strong></span> <span class='ocrx_word' id='word_1_784' title='bbox 3873 3942 3961 3998; x_wconf 86' lang='lat' dir='ltr'><strong>in-</strong></span> 
     </span>
    </p>
   </div>
   <div class='ocr_carea' id='block_1_102' title="bbox 2359 4023 3962 4104">
    <p class='ocr_par' dir='ltr' id='par_1_102' title="bbox 2359 4023 3962 4104">
     <span class='ocr_line' id='line_1_102' title="bbox 2359 4023 3962 4104; baseline 0.008 -27"><span class='ocrx_word' id='word_1_785' title='bbox 2359 4023 2657 4078; x_wconf 88' lang='lat' dir='ltr'><strong>commodis</strong></span> <span class='ocrx_word' id='word_1_786' title='bbox 2697 4025 2964 4091; x_wconf 82' lang='lat' dir='ltr'><strong>laborent,</strong></span> <span class='ocrx_word' id='word_1_787' title='bbox 2996 4044 3099 4081; x_wconf 93' lang='lat' dir='ltr'><strong>non</strong></span> <span class='ocrx_word' id='word_1_788' title='bbox 3132 4028 3332 4084; x_wconf 88' lang='lat' dir='ltr'><strong>eisdem</strong></span> <span class='ocrx_word' id='word_1_789' title='bbox 3365 4039 3543 4087; x_wconf 89' lang='lat' dir='ltr'><strong>tamen</strong></span> <span class='ocrx_word' id='word_1_790' title='bbox 3573 4032 3814 4104; x_wconf 89' lang='lat' dir='ltr'><strong>indigent</strong></span> <span class='ocrx_word' id='word_1_791' title='bbox 3841 4050 3962 4090; x_wconf 68' lang='lat' dir='ltr'><strong>me</strong></span> 
     </span>
    </p>
   </div>
   <div class='ocr_carea' id='block_1_103' title="bbox 2359 4113 3961 4194">
    <p class='ocr_par' dir='ltr' id='par_1_103' title="bbox 2359 4113 3961 4194">
     <span class='ocr_line' id='line_1_103' title="bbox 2359 4113 3961 4194; baseline 0.007 -26"><span class='ocrx_word' id='word_1_792' title='bbox 2359 4113 2696 4182; x_wconf 89' lang='lat' dir='ltr'><strong>dicamentis,</strong></span> <span class='ocrx_word' id='word_1_793' title='bbox 2726 4115 2819 4170; x_wconf 90' lang='lat' dir='ltr'><strong>sed</strong></span> <span class='ocrx_word' id='word_1_794' title='bbox 2843 4116 2946 4170; x_wconf 88' lang='lat' dir='ltr'><strong>alia</strong></span> <span class='ocrx_word' id='word_1_795' title='bbox 2989 4117 3204 4188; x_wconf 91' lang='lat' dir='ltr'><strong>quidem</strong></span> <span class='ocrx_word' id='word_1_796' title='bbox 3229 4120 3364 4186; x_wconf 87' lang='lat' dir='ltr'><strong>istis,</strong></span> <span class='ocrx_word' id='word_1_797' title='bbox 3399 4121 3501 4175; x_wconf 87' lang='lat' dir='ltr'><strong>alia</strong></span> <span class='ocrx_word' id='word_1_798' title='bbox 3545 4122 3648 4177; x_wconf 88' lang='lat' dir='ltr'><strong>illis</strong></span> <span class='ocrx_word' id='word_1_799' title='bbox 3673 4139 3961 4194; x_wconf 89' lang='lat' dir='ltr'><strong>apponun-</strong></span> 
     </span>
    </p>
   </div>
   <div class='ocr_carea' id='block_1_104' title="bbox 2363 4207 3966 4289">
    <p class='ocr_par' dir='ltr' id='par_1_104' title="bbox 2363 4207 3966 4289">
     <span class='ocr_line' id='line_1_104' title="bbox 2363 4207 3966 4289; baseline 0.009 -30"><span class='ocrx_word' id='word_1_800' title='bbox 2363 4214 2462 4259; x_wconf 79' lang='lat' dir='ltr'><strong>tur.</strong></span> <span class='ocrx_word' id='word_1_801' title='bbox 2492 4207 2666 4276; x_wconf 83' lang='lat' dir='ltr'><strong>Atque</strong></span> <span class='ocrx_word' id='word_1_802' title='bbox 2693 4209 2827 4263; x_wconf 89' lang='lat' dir='ltr'><strong>adeo</strong></span> <span class='ocrx_word' id='word_1_803' title='bbox 2857 4217 2910 4263; x_wconf 90' lang='lat' dir='ltr'><strong>et</strong></span> <span class='ocrx_word' id='word_1_804' title='bbox 2938 4209 3266 4280; x_wconf 73' lang='lat' dir='ltr'><strong>flagellorum</strong></span> <span class='ocrx_word' id='word_1_805' title='bbox 3298 4213 3440 4267; x_wconf 91' lang='lat' dir='ltr'><strong>modi</strong></span> <span class='ocrx_word' id='word_1_806' title='bbox 3469 4215 3600 4269; x_wconf 86' lang='lat' dir='ltr'><strong>varii</strong></span> <span class='ocrx_word' id='word_1_807' title='bbox 3647 4224 3772 4271; x_wconf 90' lang='lat' dir='ltr'><strong>sunt</strong></span> <span class='ocrx_word' id='word_1_808' title='bbox 3797 4226 3966 4289; x_wconf 79' lang='lat' dir='ltr'><strong>atque</strong></span> 
     </span>
    </p>
   </div>
   <div class='ocr_carea' id='block_1_105' title="bbox 2360 4297 3952 4380">
    <p class='ocr_par' dir='ltr' id='par_1_105' title="bbox 2360 4297 3952 4380">
     <span class='ocr_line' id='line_1_105' title="bbox 2360 4297 3952 4380; baseline 0.01 -28"><span class='ocrx_word' id='word_1_809' title='bbox 2360 4297 2688 4365; x_wconf 76' lang='lat' dir='ltr'><strong>differentes,</strong></span> <span class='ocrx_word' id='word_1_810' title='bbox 2715 4310 2768 4355; x_wconf 89' lang='lat' dir='ltr'><strong>et</strong></span> <span class='ocrx_word' id='word_1_811' title='bbox 2789 4303 2923 4357; x_wconf 88' lang='lat' dir='ltr'><strong>alius</strong></span> <span class='ocrx_word' id='word_1_812' title='bbox 2949 4303 3165 4373; x_wconf 88' lang='lat' dir='ltr'><strong>quidem</strong></span> <span class='ocrx_word' id='word_1_813' title='bbox 3189 4307 3377 4361; x_wconf 91' lang='lat' dir='ltr'><strong>morbo</strong></span> <span class='ocrx_word' id='word_1_814' title='bbox 3395 4306 3648 4363; x_wconf 89' lang='lat' dir='ltr'><strong>diuturno</strong></span> <span class='ocrx_word' id='word_1_815' title='bbox 3676 4310 3952 4380; x_wconf 86' lang='lat' dir='ltr'><strong>probatur,</strong></span> 
     </span>
    </p>
   </div>
   <div class='ocr_carea' id='block_1_106' title="bbox 2360 4391 3965 4468">
    <p class='ocr_par' dir='ltr' id='par_1_106' title="bbox 2360 4391 3965 4468">
     <span class='ocr_line' id='line_1_106' title="bbox 2360 4391 3965 4468; baseline 0.01 -25"><span class='ocrx_word' id='word_1_816' title='bbox 2360 4391 2494 4445; x_wconf 91' lang='lat' dir='ltr'><strong>alius</strong></span> <span class='ocrx_word' id='word_1_817' title='bbox 2521 4393 2829 4461; x_wconf 89' lang='lat' dir='ltr'><strong>gravissima</strong></span> <span class='ocrx_word' id='word_1_818' title='bbox 2878 4394 3075 4466; x_wconf 90' lang='lat' dir='ltr'><strong>inopia,</strong></span> <span class='ocrx_word' id='word_1_819' title='bbox 3103 4397 3153 4450; x_wconf 85' lang='lat' dir='ltr'><strong>vi</strong></span> <span class='ocrx_word' id='word_1_820' title='bbox 3185 4405 3345 4468; x_wconf 86' lang='lat' dir='ltr'><strong>atque</strong></span> <span class='ocrx_word' id='word_1_821' title='bbox 3391 4399 3581 4468; x_wconf 89' lang='lat' dir='ltr'><strong>injuria</strong></span> <span class='ocrx_word' id='word_1_822' title='bbox 3609 4400 3741 4456; x_wconf 87' lang='lat' dir='ltr'><strong>alius</strong></span> <span class='ocrx_word' id='word_1_823' title='bbox 3769 4419 3784 4456; x_wconf 89' lang='lat'><strong>:</strong></span> <span class='ocrx_word' id='word_1_824' title='bbox 3813 4403 3965 4460; x_wconf 88' lang='lat' dir='ltr'><strong>hunc</strong></span> 
     </span>
    </p>
   </div>
   <div class='ocr_carea' id='block_1_107' title="bbox 2356 4484 3964 4566">
    <p class='ocr_par' dir='ltr' id='par_1_107' title="bbox 2356 4484 3964 4566">
     <span class='ocr_line' id='line_1_107' title="bbox 2356 4484 3964 4566; baseline 0.009 -29"><span class='ocrx_word' id='word_1_825' title='bbox 2356 4484 2508 4554; x_wconf 89' lang='lat' dir='ltr'><strong>juges</strong></span> <span class='ocrx_word' id='word_1_826' title='bbox 2555 4493 2714 4554; x_wconf 83' lang='lat' dir='ltr'><strong>atque</strong></span> <span class='ocrx_word' id='word_1_827' title='bbox 2760 4497 3028 4555; x_wconf 76' lang='lat' dir='ltr'><strong>perpetuas</strong></span> <span class='ocrx_word' id='word_1_828' title='bbox 3089 4489 3378 4545; x_wconf 90' lang='lat' dir='ltr'><strong>liberorum</strong></span> <span class='ocrx_word' id='word_1_829' title='bbox 3427 4493 3964 4566; x_wconf 85' lang='lat' dir='ltr'><strong>propinquorumque</strong></span> 
     </span>
    </p>
   </div>
   <div class='ocr_carea' id='block_1_108' title="bbox 2360 4579 3960 4652">
    <p class='ocr_par' dir='ltr' id='par_1_108' title="bbox 2360 4579 3960 4652">
     <span class='ocr_line' id='line_1_108' title="bbox 2360 4579 3960 4652; baseline 0.009 -23"><span class='ocrx_word' id='word_1_830' title='bbox 2360 4583 2676 4629; x_wconf 62' lang='lat' dir='ltr'><strong>cieterorum</strong></span> <span class='ocrx_word' id='word_1_831' title='bbox 2723 4585 2923 4632; x_wconf 87' lang='lat' dir='ltr'><strong>mortes</strong></span> <span class='ocrx_word' id='word_1_832' title='bbox 2968 4579 3307 4644; x_wconf 80' lang='lat' dir='ltr'><strong>excruciant,</strong></span> <span class='ocrx_word' id='word_1_833' title='bbox 3359 4581 3550 4652; x_wconf 91' lang='lat' dir='ltr'><strong>hicque</strong></span> <span class='ocrx_word' id='word_1_834' title='bbox 3595 4584 3662 4639; x_wconf 88' lang='lat' dir='ltr'><strong>ab</strong></span> <span class='ocrx_word' id='word_1_835' title='bbox 3707 4587 3960 4644; x_wconf 88' lang='lat' dir='ltr'><strong>omnibus</strong></span> 
     </span>
    </p>
   </div>
   <div class='ocr_carea' id='block_1_109' title="bbox 2360 4663 3959 4750">
    <p class='ocr_par' dir='ltr' id='par_1_109' title="bbox 2360 4663 3959 4750">
     <span class='ocr_line' id='line_1_109' title="bbox 2360 4663 3959 4750; baseline 0.012 -33"><span class='ocrx_word' id='word_1_836' title='bbox 2360 4663 2628 4734; x_wconf 88' lang='lat' dir='ltr'><strong>abjicitur,</strong></span> <span class='ocrx_word' id='word_1_837' title='bbox 2659 4666 2960 4738; x_wconf 88' lang='lat' dir='ltr'><strong>nulliusque</strong></span> <span class='ocrx_word' id='word_1_838' title='bbox 2990 4669 3068 4725; x_wconf 91' lang='lat' dir='ltr'><strong>rei</strong></span> <span class='ocrx_word' id='word_1_839' title='bbox 3110 4669 3301 4741; x_wconf 90' lang='lat' dir='ltr'><strong>dignus</strong></span> <span class='ocrx_word' id='word_1_840' title='bbox 3330 4674 3626 4729; x_wconf 80' lang='lat' dir='ltr'><strong>:estimatur</strong></span> <span class='ocrx_word' id='word_1_841' title='bbox 3655 4694 3667 4729; x_wconf 96' lang='lat'><strong>:</strong></span> <span class='ocrx_word' id='word_1_842' title='bbox 3697 4677 3786 4732; x_wconf 90' lang='lat' dir='ltr'><strong>ille</strong></span> <span class='ocrx_word' id='word_1_843' title='bbox 3812 4681 3959 4750; x_wconf 90' lang='lat' dir='ltr'><strong>quod</strong></span> 
     </span>
    </p>
   </div>
   <div class='ocr_carea' id='block_1_110' title="bbox 2360 4756 3961 4834">
    <p class='ocr_par' dir='ltr' id='par_1_110' title="bbox 2360 4756 3961 4834">
     <span class='ocr_line' id='line_1_110' title="bbox 2360 4756 3961 4834; baseline 0.011 -24"><span class='ocrx_word' id='word_1_844' title='bbox 2360 4756 2427 4811; x_wconf 90' lang='lat' dir='ltr'><strong>de</strong></span> <span class='ocrx_word' id='word_1_845' title='bbox 2456 4758 2520 4811; x_wconf 91' lang='lat' dir='ltr'><strong>iis</strong></span> <span class='ocrx_word' id='word_1_846' title='bbox 2547 4769 2844 4826; x_wconf 89' lang='lat' dir='ltr'><strong>accusetur,</strong></span> <span class='ocrx_word' id='word_1_847' title='bbox 2875 4776 3101 4830; x_wconf 91' lang='lat' dir='ltr'><strong>quorum</strong></span> <span class='ocrx_word' id='word_1_848' title='bbox 3143 4763 3275 4818; x_wconf 92' lang='lat' dir='ltr'><strong>nihil</strong></span> <span class='ocrx_word' id='word_1_849' title='bbox 3314 4763 3381 4818; x_wconf 92' lang='lat' dir='ltr'><strong>sit</strong></span> <span class='ocrx_word' id='word_1_850' title='bbox 3411 4766 3511 4821; x_wconf 90' lang='lat' dir='ltr'><strong>sibi</strong></span> <span class='ocrx_word' id='word_1_851' title='bbox 3541 4770 3808 4834; x_wconf 89' lang='lat' dir='ltr'><strong>conscius,</strong></span> <span class='ocrx_word' id='word_1_852' title='bbox 3842 4789 3961 4828; x_wconf 82' lang='lat' dir='ltr'><strong>rna-</strong></span> 
     </span>
    </p>
   </div>
   <div class='ocr_carea' id='block_1_111' title="bbox 2363 4848 3952 4930">
    <p class='ocr_par' dir='ltr' id='par_1_111' title="bbox 2363 4848 3952 4930">
     <span class='ocr_line' id='line_1_111' title="bbox 2363 4848 3952 4930; baseline 0.011 -29"><span class='ocrx_word' id='word_1_853' title='bbox 2363 4848 2536 4919; x_wconf 70' lang='lat' dir='ltr'><strong>lreque</strong></span> <span class='ocrx_word' id='word_1_854' title='bbox 2559 4850 2714 4906; x_wconf 86' lang='lat' dir='ltr'><strong>famae</strong></span> <span class='ocrx_word' id='word_1_855' title='bbox 2744 4851 2948 4922; x_wconf 89' lang='lat' dir='ltr'><strong>pondus</strong></span> <span class='ocrx_word' id='word_1_856' title='bbox 2971 4852 3105 4909; x_wconf 87' lang='lat' dir='ltr'><strong>ferat</strong></span> <span class='ocrx_word' id='word_1_857' title='bbox 3131 4871 3144 4908; x_wconf 88' lang='lat'><strong>:</strong></span> <span class='ocrx_word' id='word_1_858' title='bbox 3171 4865 3328 4926; x_wconf 89' lang='lat' dir='ltr'><strong>atque</strong></span> <span class='ocrx_word' id='word_1_859' title='bbox 3349 4857 3482 4912; x_wconf 89' lang='lat' dir='ltr'><strong>alius</strong></span> <span class='ocrx_word' id='word_1_860' title='bbox 3503 4859 3658 4914; x_wconf 88' lang='lat' dir='ltr'><strong>aliter</strong></span> <span class='ocrx_word' id='word_1_861' title='bbox 3676 4861 3952 4930; x_wconf 80' lang='lat' dir='ltr'><strong>affligitur.</strong></span> 
     </span>
    </p>
   </div>
   <div class='ocr_carea' id='block_1_112' title="bbox 2363 4940 3954 5014">
    <p class='ocr_par' dir='ltr' id='par_1_112' title="bbox 2363 4940 3954 5014">
     <span class='ocr_line' id='line_1_112' title="bbox 2363 4940 3954 5014; baseline 0.01 -18"><span class='ocrx_word' id='word_1_862' title='bbox 2363 4940 2544 5012; x_wconf 82' lang='lat' dir='ltr'><strong>Neque</strong></span> <span class='ocrx_word' id='word_1_863' title='bbox 2581 4945 2724 4998; x_wconf 90' lang='lat' dir='ltr'><strong>enim</strong></span> <span class='ocrx_word' id='word_1_864' title='bbox 2771 4945 3025 5014; x_wconf 87' lang='lat' dir='ltr'><strong>possibile</strong></span> <span class='ocrx_word' id='word_1_865' title='bbox 3067 4956 3150 5001; x_wconf 88' lang='lat' dir='ltr'><strong>est</strong></span> <span class='ocrx_word' id='word_1_866' title='bbox 3192 4949 3370 5003; x_wconf 88' lang='lat' dir='ltr'><strong>omnia</strong></span> <span class='ocrx_word' id='word_1_867' title='bbox 3416 4966 3556 5006; x_wconf 92' lang='lat' dir='ltr'><strong>nunc</strong></span> <span class='ocrx_word' id='word_1_868' title='bbox 3584 4953 3650 5008; x_wconf 90' lang='lat' dir='ltr'><strong>ad</strong></span> <span class='ocrx_word' id='word_1_869' title='bbox 3697 4958 3954 5013; x_wconf 91' lang='lat' dir='ltr'><strong>amussim</strong></span> 
     </span>
    </p>
   </div>
   <div class='ocr_carea' id='block_1_113' title="bbox 2363 5034 3962 5114">
    <p class='ocr_par' dir='ltr' id='par_1_113' title="bbox 2363 5034 3962 5114">
     <span class='ocr_line' id='line_1_113' title="bbox 2363 5034 3962 5114; baseline 0.009 -26"><span class='ocrx_word' id='word_1_870' title='bbox 2363 5049 2663 5089; x_wconf 90' lang='lat' dir='ltr'><strong>numerare.</strong></span> <span class='ocrx_word' id='word_1_871' title='bbox 2691 5034 2951 5090; x_wconf 81' lang='lat' dir='ltr'><strong>Videntur</strong></span> <span class='ocrx_word' id='word_1_872' title='bbox 2976 5048 3152 5093; x_wconf 88' lang='lat' dir='ltr'><strong>autem</strong></span> <span class='ocrx_word' id='word_1_873' title='bbox 3181 5038 3275 5093; x_wconf 91' lang='lat' dir='ltr'><strong>tibi</strong></span> <span class='ocrx_word' id='word_1_874' title='bbox 3302 5039 3488 5095; x_wconf 88' lang='lat' dir='ltr'><strong>horum</strong></span> <span class='ocrx_word' id='word_1_875' title='bbox 3521 5043 3750 5114; x_wconf 90' lang='lat' dir='ltr'><strong>singula,</strong></span> <span class='ocrx_word' id='word_1_876' title='bbox 3785 5047 3828 5100; x_wconf 91' lang='lat' dir='ltr'><strong>si</strong></span> <span class='ocrx_word' id='word_1_877' title='bbox 3855 5049 3962 5103; x_wconf 85' lang='lat' dir='ltr'><strong>tuis</strong></span> 
     </span>
    </p>
   </div>
   <div class='ocr_carea' id='block_1_114' title="bbox 2362 5126 3957 5195">
    <p class='ocr_par' dir='ltr' id='par_1_114' title="bbox 2362 5126 3957 5195">
     <span class='ocr_line' id='line_1_114' title="bbox 2362 5126 3957 5195; baseline 0.009 -15"><span class='ocrx_word' id='word_1_878' title='bbox 2362 5129 2615 5181; x_wconf 65' lang='lat' dir='ltr'><strong>aerumnis</strong></span> <span class='ocrx_word' id='word_1_879' title='bbox 2657 5126 3038 5194; x_wconf 87' lang='lat' dir='ltr'><strong>conferantur,</strong></span> <span class='ocrx_word' id='word_1_880' title='bbox 3067 5129 3198 5184; x_wconf 83' lang='lat' dir='ltr'><strong>levia</strong></span> <span class='ocrx_word' id='word_1_881' title='bbox 3227 5146 3289 5185; x_wconf 91' lang='lat' dir='ltr'><strong>ac</strong></span> <span class='ocrx_word' id='word_1_882' title='bbox 3320 5132 3461 5186; x_wconf 91' lang='lat' dir='ltr'><strong>nulla</strong></span> <span class='ocrx_word' id='word_1_883' title='bbox 3488 5149 3608 5189; x_wconf 88' lang='lat' dir='ltr'><strong>esse</strong></span> <span class='ocrx_word' id='word_1_884' title='bbox 3642 5153 3656 5191; x_wconf 90' lang='lat'><strong>:</strong></span> <span class='ocrx_word' id='word_1_885' title='bbox 3685 5152 3872 5192; x_wconf 83' lang='lat' dir='ltr'><strong>verum</strong></span> <span class='ocrx_word' id='word_1_886' title='bbox 3904 5149 3957 5195; x_wconf 93' lang='lat' dir='ltr'><strong>tu</strong></span> 
     </span>
    </p>
   </div>
   <div class='ocr_carea' id='block_1_115' title="bbox 2361 5217 3958 5300">
    <p class='ocr_par' dir='ltr' id='par_1_115' title="bbox 2361 5217 3958 5300">
     <span class='ocr_line' id='line_1_115' title="bbox 2361 5217 3958 5300; baseline 0.01 -29"><span class='ocrx_word' id='word_1_887' title='bbox 2361 5217 2408 5272; x_wconf 88' lang='lat' dir='ltr'><strong>si</strong></span> <span class='ocrx_word' id='word_1_888' title='bbox 2438 5219 2553 5272; x_wconf 70' lang='lat' dir='ltr'><strong>haec</strong></span> <span class='ocrx_word' id='word_1_889' title='bbox 2583 5229 2833 5289; x_wconf 72' lang='lat' dir='ltr'><strong>expertus</strong></span> <span class='ocrx_word' id='word_1_890' title='bbox 2877 5235 3048 5288; x_wconf 84' lang='lat' dir='ltr'><strong>esses,</strong></span> <span class='ocrx_word' id='word_1_891' title='bbox 3079 5223 3383 5279; x_wconf 85' lang='lat' dir='ltr'><strong>addisceres</strong></span> <span class='ocrx_word' id='word_1_892' title='bbox 3427 5226 3669 5295; x_wconf 89' lang='lat' dir='ltr'><strong>profecto</strong></span> <span class='ocrx_word' id='word_1_893' title='bbox 3699 5227 3771 5292; x_wconf 86' lang='lat' dir='ltr'><strong>id,</strong></span> <span class='ocrx_word' id='word_1_894' title='bbox 3813 5231 3958 5300; x_wconf 89' lang='lat' dir='ltr'><strong>quod</strong></span> 
     </span>
    </p>
   </div>
   <div class='ocr_carea' id='block_1_116' title="bbox 2363 5312 3961 5382">
    <p class='ocr_par' dir='ltr' id='par_1_116' title="bbox 2363 5312 3961 5382">
     <span class='ocr_line' id='line_1_116' title="bbox 2363 5312 3961 5382; baseline 0.008 -17"><span class='ocrx_word' id='word_1_895' title='bbox 2363 5325 2502 5365; x_wconf 90' lang='lat' dir='ltr'><strong>nunc</strong></span> <span class='ocrx_word' id='word_1_896' title='bbox 2533 5318 2584 5366; x_wconf 89' lang='lat' dir='ltr'><strong>te</strong></span> <span class='ocrx_word' id='word_1_897' title='bbox 2613 5313 2775 5382; x_wconf 88' lang='lat' dir='ltr'><strong>angit,</strong></span> <span class='ocrx_word' id='word_1_898' title='bbox 2811 5312 2894 5367; x_wconf 87' lang='lat' dir='ltr'><strong>bis</strong></span> <span class='ocrx_word' id='word_1_899' title='bbox 2923 5315 3172 5370; x_wconf 86' lang='lat' dir='ltr'><strong>omnibus</strong></span> <span class='ocrx_word' id='word_1_900' title='bbox 3210 5316 3537 5372; x_wconf 90' lang='lat' dir='ltr'><strong>tolerabilius</strong></span> <span class='ocrx_word' id='word_1_901' title='bbox 3584 5333 3722 5375; x_wconf 90' lang='lat' dir='ltr'><strong>esse.</strong></span> <span class='ocrx_word' id='word_1_902' title='bbox 3767 5320 3872 5376; x_wconf 87' lang='lat' dir='ltr'><strong>Sed</strong></span> <span class='ocrx_word' id='word_1_903' title='bbox 3905 5333 3961 5378; x_wconf 88' lang='lat' dir='ltr'><strong>ct</strong></span> 
     </span>
    </p>
   </div>
   <div class='ocr_carea' id='block_1_117' title="bbox 2361 5404 3956 5485">
    <p class='ocr_par' dir='ltr' id='par_1_117' title="bbox 2361 5404 3956 5485">
     <span class='ocr_line' id='line_1_117' title="bbox 2361 5404 3956 5485; baseline 0.008 -28"><span class='ocrx_word' id='word_1_904' title='bbox 2361 5404 2404 5458; x_wconf 90' lang='lat' dir='ltr'><strong>si</strong></span> <span class='ocrx_word' id='word_1_905' title='bbox 2432 5405 2521 5478; x_wconf 89' lang='lat' dir='ltr'><strong>qui</strong></span> <span class='ocrx_word' id='word_1_906' title='bbox 2547 5415 2690 5472; x_wconf 90' lang='lat' dir='ltr'><strong>sunt,</strong></span> <span class='ocrx_word' id='word_1_907' title='bbox 2714 5420 2940 5475; x_wconf 90' lang='lat' dir='ltr'><strong>quorum</strong></span> <span class='ocrx_word' id='word_1_908' title='bbox 2967 5408 3038 5462; x_wconf 84' lang='lat' dir='ltr'><strong>sit</strong></span> <span class='ocrx_word' id='word_1_909' title='bbox 3065 5408 3238 5464; x_wconf 90' lang='lat' dir='ltr'><strong>levior</strong></span> <span class='ocrx_word' id='word_1_910' title='bbox 3251 5425 3408 5479; x_wconf 84' lang='lat' dir='ltr'><strong>quam</strong></span> <span class='ocrx_word' id='word_1_911' title='bbox 3437 5421 3618 5466; x_wconf 90' lang='lat' dir='ltr'><strong>nostra</strong></span> <span class='ocrx_word' id='word_1_912' title='bbox 3646 5417 3956 5485; x_wconf 89' lang='lat' dir='ltr'><strong>castigatio,</strong></span> 
     </span>
    </p>
   </div>
   <div class='ocr_carea' id='block_1_118' title="bbox 2363 5495 3959 5568">
    <p class='ocr_par' dir='ltr' id='par_1_118' title="bbox 2363 5495 3959 5568">
     <span class='ocr_line' id='line_1_118' title="bbox 2363 5495 3959 5568; baseline 0.008 -18"><span class='ocrx_word' id='word_1_913' title='bbox 2363 5511 2468 5551; x_wconf 89' lang='lat' dir='ltr'><strong>non</strong></span> <span class='ocrx_word' id='word_1_914' title='bbox 2504 5495 2621 5551; x_wconf 89' lang='lat' dir='ltr'><strong>ideo</strong></span> <span class='ocrx_word' id='word_1_915' title='bbox 2650 5497 3022 5567; x_wconf 71' lang='lat' dir='ltr'><strong>perturbentur</strong></span> <span class='ocrx_word' id='word_1_916' title='bbox 3051 5516 3064 5552; x_wconf 89' lang='lat'><strong><em>:</em></strong></span> <span class='ocrx_word' id='word_1_917' title='bbox 3096 5515 3217 5554; x_wconf 85' lang='lat' dir='ltr'><strong>nam</strong></span> <span class='ocrx_word' id='word_1_918' title='bbox 3245 5500 3470 5568; x_wconf 84' lang='lat' dir='ltr'><strong>adjectio</strong></span> <span class='ocrx_word' id='word_1_919' title='bbox 3513 5503 3753 5558; x_wconf 87' lang='lat' dir='ltr'><strong>laborum</strong></span> <span class='ocrx_word' id='word_1_920' title='bbox 3784 5508 3959 5564; x_wconf 58' lang='lat' dir='ltr'><strong>iocre.</strong></span> 
     </span>
    </p>
   </div>
   <div class='ocr_carea' id='block_1_119' title="bbox 2334 5591 3964 5660">
    <p class='ocr_par' dir='ltr' id='par_1_119' title="bbox 2334 5591 3964 5660">
     <span class='ocr_line' id='line_1_119' title="bbox 2334 5591 3964 5660; baseline 0.01 -17"><span class='ocrx_word' id='word_1_921' title='bbox 2334 5599 2602 5651; x_wconf 83' lang='lat' dir='ltr'><strong>,mcotum</strong></span> <span class='ocrx_word' id='word_1_922' title='bbox 2650 5591 2990 5660; x_wconf 63' lang='lat' dir='ltr'><strong>praemiorum</strong></span> <span class='ocrx_word' id='word_1_923' title='bbox 3038 5602 3119 5649; x_wconf 84' lang='lat' dir='ltr'><strong>est</strong></span> <span class='ocrx_word' id='word_1_924' title='bbox 3168 5610 3231 5649; x_wconf 89' lang='lat' dir='ltr'><strong>ac</strong></span> <span class='ocrx_word' id='word_1_925' title='bbox 3278 5598 3639 5652; x_wconf 76' lang='lat' dir='ltr'><strong>rmissimum</strong></span> <span class='ocrx_word' id='word_1_926' title='bbox 3681 5601 3964 5658; x_wconf 81' lang='lat' dir='ltr'><strong>munimen</strong></span> 
     </span>
    </p>
   </div>
   <div class='ocr_carea' id='block_1_120' title="bbox 2364 5682 3961 5758">
    <p class='ocr_par' dir='ltr' id='par_1_120' title="bbox 2364 5682 3961 5758">
     <span class='ocr_line' id='line_1_120' title="bbox 2364 5682 3961 5758; baseline 0.01 -24"><span class='ocrx_word' id='word_1_927' title='bbox 2364 5690 2627 5744; x_wconf 88' lang='lat' dir='ltr'><strong>nostrum,</strong></span> <span class='ocrx_word' id='word_1_928' title='bbox 2658 5698 2762 5751; x_wconf 90' lang='lat' dir='ltr'><strong>quo</strong></span> <span class='ocrx_word' id='word_1_929' title='bbox 2796 5682 2913 5739; x_wconf 89' lang='lat' dir='ltr'><strong>freti</strong></span> <span class='ocrx_word' id='word_1_930' title='bbox 2945 5700 3230 5756; x_wconf 87' lang='lat' dir='ltr'><strong>numquam</strong></span> <span class='ocrx_word' id='word_1_931' title='bbox 3257 5687 3370 5742; x_wconf 82' lang='lat' dir='ltr'><strong>sive</strong></span> <span class='ocrx_word' id='word_1_932' title='bbox 3413 5699 3625 5758; x_wconf 89' lang='lat' dir='ltr'><strong>sponte,</strong></span> <span class='ocrx_word' id='word_1_933' title='bbox 3657 5691 3768 5748; x_wconf 79' lang='lat' dir='ltr'><strong>sive</strong></span> <span class='ocrx_word' id='word_1_934' title='bbox 3795 5694 3961 5750; x_wconf 85' lang='lat' dir='ltr'><strong>etiam</strong></span> 
     </span>
    </p>
   </div>
   <div class='ocr_carea' id='block_1_121' title="bbox 2368 5773 3953 5854">
    <p class='ocr_par' dir='ltr' id='par_1_121' title="bbox 2368 5773 3953 5854">
     <span class='ocr_line' id='line_1_121' title="bbox 2368 5773 3953 5854; baseline 0.008 -26"><span class='ocrx_word' id='word_1_935' title='bbox 2368 5773 2515 5829; x_wconf 84' lang='lat' dir='ltr'><strong>inviti</strong></span> <span class='ocrx_word' id='word_1_936' title='bbox 2560 5789 2872 5831; x_wconf 79' lang='lat' dir='ltr'><strong>corruamus</strong></span> <span class='ocrx_word' id='word_1_937' title='bbox 2904 5793 2913 5830; x_wconf 87' lang='lat'><strong>:</strong></span> <span class='ocrx_word' id='word_1_938' title='bbox 2945 5793 3174 5849; x_wconf 88' lang='lat' dir='ltr'><strong>namque</strong></span> <span class='ocrx_word' id='word_1_939' title='bbox 3206 5787 3465 5835; x_wconf 83' lang='lat' dir='ltr'><strong>tumorem</strong></span> <span class='ocrx_word' id='word_1_940' title='bbox 3499 5784 3835 5854; x_wconf 78' lang='lat' dir='ltr'><strong>romprimit,</strong></span> <span class='ocrx_word' id='word_1_941' title='bbox 3861 5803 3953 5843; x_wconf 80' lang='lat' dir='ltr'><strong>ue-</strong></span> 
     </span>
    </p>
   </div>
   <div class='ocr_carea' id='block_1_122' title="bbox 4224 351 4229 1282">
    <p class='ocr_par' dir='ltr' id='par_1_122' title="bbox 4224 1151 4227 1282">
     <span class='ocr_line' id='line_1_122' title="bbox 4224 1151 4227 1282; baseline 0 0"><span class='ocrx_word' id='word_1_942' title='bbox 4224 1151 4227 1282; x_wconf 92' lang='grc' dir='ltr'><strong></strong></span> 
     </span>
    </p>
   </div>
  </div>
