4266 6314
50 457 324 526 ὀψόμεθα
359 454 415 507 τί
457 451 629 508 ἔσται
670 452 742 507 τὰ
778 451 1033 508 ἐνύπνια
1065 453 1273 509 αὐτοῦ.
1295 454 1449 509 Μετά
1478 455 1732 516 δὲταῦτα

48 546 99 596 οί
141 545 444 615 πριάμενοι
478 542 598 595 οὐδὲ
631 540 899 614 ἐλευθέρῳ
924 541 1050 603 τινὶ,
1084 541 1217 595 ἀλλά
1254 541 1426 613 δούλῳ
1450 542 1609 596 πάλιν
1640 544 1730 597 αὐο

47 631 141 683 τὸν
176 628 521 685 ἀποδίδονται
566 628 847 701 βασιλικῷ.
891 629 1000 683 Καὶ
1026 628 1146 682 οὐδὲ
1181 628 1341 701 μέχρι
1368 629 1572 683 τούτων
1605 629 1737 701 ἔστη

45 719 118 771 τά
151 718 343 775 δεινά·
389 718 525 772 ἀλλά
571 718 903 790 συκοφαντίᾳ
944 718 1233 789 δεσποίνης
1284 717 1601 790 περιπεσὼν
1643 719 1737 772 καὶ

48 805 572 879 κατακριθεὶς,,ᾧκει
606 807 667 861 τὸ
695 807 1075 879 δεσμωτήριον
1100 807 1194 879 έτη
1222 806 1413 874 πολλὰ,
1436 806 1531 861 καὶ
1553 806 1739 878 διαφυ-

47 897 263 965 γόντων
307 897 530 967 ἑτέρων,
567 897 729 959 αὐτὸς
776 896 997 950 πλείονα
1031 897 1225 969 χρόνον
1261 896 1412 967 μένει
1460 897 1594 950 ἐκεῖ.
1626 897 1737 950 Καὶ

47 984 329 1041 τοσούτων
362 985 531 1039 δντων
569 985 679 1039 τῶν
715 985 1028 1057 δυναμένων
1064 984 1164 1056 τὴν
1194 984 1402 1038 ἐκείνου
1436 983 1737 1055 θορυϐῆσαι

48 1074 255 1146 ψυχὴν,
292 1074 449 1144 ἔμενε
472 1072 686 1138 τούτοις
723 1073 929 1127 ἀπασιν
950 1072 1373 1144 ἀπερίτρεπτος.
1404 1071 1641 1125 Τοιαῦτα
1679 1071 1737 1125 δὲ

48 1166 148 1216 καὶ
180 1162 252 1216 τά
278 1162 544 1234 ἡμέτερα,
582 1160 781 1231 μᾶλλον
814 1161 870 1214 δὲ
902 1160 998 1213 καὶ
1022 1160 1203 1232 πολλῷ
1226 1160 1433 1215 τούτων
1454 1159 1736 1230 ἀπορώτε-

50 1252 229 1321 ρα.“Δ
256 1250 356 1320 μὲν
378 1252 486 1321 γὰρ
506 1248 891 1321 ἐπηγγείλατο,
922 1248 1171 1319 βασιλεία
1201 1248 1467 1321 οὐρανῶν,
1489 1250 1583 1302 καὶ
1608 1247 1735 1302 αίὼ-

44 1356 163 1403 νιος
199 1339 338 1408 ζωὴ,
362 1338 455 1391 καὶ
482 1336 783 1407 ἀφθαρσία,
809 1338 904 1390 καὶ
927 1336 996 1393 τά
1027 1336 1197 1409 μυρία
1224 1335 1407 1405 ἀγαθά
1425 1354 1440 1369 ·
1463 1335 1533 1391 τά
1560 1334 1617 1389 δὲ
1646 1352 1735 1404 γι-

43 1426 257 1498 νόμενα
297 1425 434 1493 τέως
469 1426 565 1479 καὶ
602 1423 965 1496 συμϐαίνοντα
1007 1423 1142 1479 πολὺ
1184 1422 1391 1477 τούτων
1421 1421 1731 1495 ἀφέστηκε·

44 1518 287 1582 θάνατος
324 1516 436 1588 γάρ
462 1517 577 1569 ἐστι
622 1515 717 1570 καὶ
756 1514 933 1585 φθορά
966 1514 1061 1568 καὶ
1099 1514 1342 1584 τιμωρία
1383 1513 1476 1565 καὶ
1515 1511 1734 1577 κόλασις

42 1606 145 1659 καὶ
179 1604 392 1674 θλίψεις
428 1604 675 1675 διάφοροι
717 1604 812 1656 καὶ
845 1603 1108 1672 συνεχεῖς.
1142 1600 1300 1665 Τίνος
1341 1593 1437 1654 οὖν
1480 1599 1665 1655 ἕνεκεν
1705 1601 1735 1653 ό

40 1694 184 1758 Θεὸς
211 1692 372 1747 τοῦτο
406 1694 571 1756 ποιεῖ,
600 1691 695 1746 καὶ
733 1690 803 1745 τά
829 1689 1045 1745 ἐναντία
1090 1691 1208 1753 ταῖς
1254 1686 1609 1757 ἐπαγγελίαις
1641 1689 1734 1742 ἐκ-

40 1783 214 1854 ϐῆναι
250 1784 561 1853 συγχωρεῖ;
609 1780 715 1834 Δύο
758 1780 828 1835 τά
879 1779 1114 1850 μέγιστα
1158 1775 1462 1849 κατορθῶν,
1508 1774 1570 1829 ἓν
1611 1776 1732 1847 μὲν,

39 1872 148 1941 τῆς
194 1869 363 1923 αὐτοῦ
412 1870 697 1941 δυνάμεως
738 1868 1038 1939 τεκμήριον
1077 1864 1563 1937 ἀναμφισϐήτητον
1596 1880 1738 1936 παρ-

39 1959 189 2029 έχων
239 1961 395 2031 ἡμῖν,
439 1959 523 2012 ὅτι
571 1958 666 2011 καὶ
726 1957 785 2022 ἐξ
836 1955 1277 2027 ἀπεγνωσμένων
1318 1952 1523 2008 δύναιτ’
1550 1953 1617 2007 ἀν
1655 1954 1735 2016 είς

39 2049 225 2119 πέρας
265 2046 367 2110 τὰς
409 2045 732 2117 ὑποσχέσεις
760 2045 1022 2113 ἀγαγεῖν·
1059 2041 1245 2113 ἕτερον
1273 2041 1350 2105 δὲ,
1390 2042 1491 2111 τὴν
1532 2039 1730 2112 ἡμετέο

41 2153 148 2207 ραν
186 2135 462 2190 παιδεύων
499 2133 676 2207 ψυχὴν
711 2132 888 2187 πάντα
940 2130 1215 2186 πιστεύειν
1245 2129 1417 2201 αὐτῷ,
1450 2128 1551 2183 κᾶν
1580 2129 1736 2182 ὲναν-

36 2225 135 2278 τία
165 2227 286 2289 τοῖς
320 2223 632 2296 είρημένοις
655 2221 723 2276 τά
748 2221 1010 2299 γινόμενα
1042 2219 1322 2291 φαίνηται.
1358 2217 1592 2290 Τοιαύτη
1625 2216 1735 2289 γὰρ

38 2315 74 2383 ἡ
127 2312 236 2383 τῆς
281 2313 497 2376 ἐλπίδος
537 2310 707 2383 ἰσχύς·
738 2310 800 2364 οὐ
852 2307 1204 2379 καταισχύνει
1238 2306 1331 2362 τόν
1375 2305 1735 2378 ἀντεχόμενον

37 2401 226 2472 αὐτῆς
250 2400 578 2473 εἰλικρινῶς.
602 2401 666 2453 Et
699 2399 809 2471 γὰρ
836 2397 887 2451 οἱ
916 2397 1015 2463 τὰς
1037 2396 1359 2468 ὑποσχέσεις
1377 2394 1612 2449 ἐνταῦθα
1641 2394 1737 2449 λα-

37 2489 240 2553 ϐόντες
260 2488 405 2544 οὑτω
428 2487 769 2559 διετέθησαν,
792 2485 972 2557 πολλῷ
995 2484 1195 2557 μᾶλλον
1220 2484 1369 2555 ἡμᾶς
1386 2482 1545 2537 τοῦτο
1562 2484 1735 2538 ποιεῖν

36 2579 175 2649 χρὴ,
220 2579 347 2641 τούς
388 2578 450 2631 οὐ
488 2576 633 2631 κατά
665 2575 757 2629 τὸν
802 2574 1048 2647 παρόντα
1088 2573 1224 2645 βίον,
1260 2572 1375 2627 ἀλλ’
1395 2573 1475 2635 είς
1516 2571 1736 2643 ἑτέρους

35 2666 257 2730 αἰῶνας
288 2664 701 2736 προσδοκῶντας
728 2664 827 2737 τὴν
855 2662 1077 2718 ἔκϐασιν
1105 2660 1215 2715 τῶν
1245 2658 1597 2734 χρηστῶν.Ἃ
1626 2658 1736 2731 γάρ

37 2754 290 2809 ἐνταῦθα
338 2757 592 2826 προεῖπε,
628 2753 807 2824 θλῖψίς
849 2754 966 2806 ἐστι
1011 2752 1107 2805 καὶ
1149 2748 1501 2821 στενοχωρία.
1532 2747 1598 2801 Τί
1640 2743 1735 2803 οὖν

39 2843 163 2897 ἐστί
219 2859 280 2897 σε
328 2842 391 2895 τὸ
429 2840 725 2914 θορυϐοῦν;
752 2841 914 2896 πόθεν
954 2840 1055 2911 τὴν
1094 2837 1388 2908 ὑπόσχεσιν
1434 2834 1583 2909 [170]
1627 2835 1733 2889 ὑπο

34 2932 303 2996 οπτεύεις
340 2931 432 2986 τοῦ
466 2930 640 2997 Θεοῦ;
669 2930 743 2984 Τὸ
767 2931 877 3002 γὰρ
904 2927 1319 2999 καταφρονῆσαι
1354 2924 1452 2997 μὲν
1487 2924 1554 2978 δι’
1574 2923 1735 2978 αὑτὸν

33 3021 139 3075 τοῦ
184 3020 401 3091 κόσμου
457 3019 678 3084 παντὸς,
725 3016 905 3087 λέγειν
945 3016 1003 3069 δὲ
1043 3014 1206 3068 πάλιν
1245 3012 1553 3084 ἠμελῆσθαι
1602 3014 1734 3083 παρ’

34 3092 241 3174 αὐτοῦ,
267 3107 424 3161 οὐδὲν
446 3107 633 3178 ἔτερόν
659 3108 807 3159 ἐστιν
834 3104 867 3175 ἢ
897 3102 1256 3163 ἀπιστοῦντος
1283 3100 1379 3153 καὶ
1399 3098 1735 3153 ὑποπτεύον-

35 3216 155 3263 τος,
192 3197 293 3251 καὶ
318 3197 535 3266 ἀπάτην
556 3193 653 3267 τὴν
682 3191 1013 3262 ἐπαγγελίαν
1040 3188 1256 3260 ἐκείνην
1295 3182 1436 3241 εῖναι
1470 3184 1735 3256 νομίζον-

36 3303 167 3349 τος·
223 3286 365 3355 ὅπερ
410 3281 626 3347 ἀληθῶς
673 3284 792 3336 ἐστι
831 3280 1114 3352 δαιμονᾷν.
1141 3278 1237 3332 καὶ
1277 3275 1338 3330 τὸ
1368 3275 1468 3346 τῆς
1492 3273 1735 3347 γεέννης

38 3372 447 3447 προκαλεῖσθαι
474 3370 606 3443 πῦρ.
624 3370 764 3425 Ἀλλ’
786 3370 890 3424 είσί
911 3385 1057 3431 τινες
1079 3368 1129 3420 οἲ
1151 3366 1424 3436 βιωτικοῖς
1446 3364 1737 3435 ὲνστρεφό-

40 3483 204 3538 μενοι
237 3462 548 3535 πράγμασι,
575 3462 633 3515 έν
681 3459 864 3513 ἀνέσει
894 3456 1142 3526 διάγουσι
1161 3472 1175 3487 ·
1210 3455 1303 3508 καὶ
1327 3455 1438 3526 γάρ
1462 3451 1736 3507 καὶτοῦτο

35 3555 315 3628 προεῖπεν
350 3554 379 3607 ό
405 3549 659 3622 Χριστός·
691 3547 877 3618 Ἀμὴν
905 3546 1036 3618 γὰρ,
1061 3544 1225 3615 ἀμὴν
1248 3542 1405 3614 λέγω
1432 3541 1594 3613 ὑμῖν,
1625 3559 1735 3613 φη..

36 3648 149 3711 σὶν,
185 3644 282 3699 ὅτι
333 3644 633 3698 κλαύσετε
674 3638 775 3694 καί
816 3636 1151 3706 θρηνήσετε
1183 3632 1353 3705 ὑμεῖς
1375 3651 1390 3667 ·
1438 3637 1473 3689 ό
1516 3632 1584 3687 δὲ
1635 3632 1736 3687 acd-

35 3724 203 3804 σμος
239 3728 592 3802 χαρήσεται.
625 3727 737 3782 Καὶ
760 3728 854 3779 ὲπὶ
878 3724 986 3778 τῶν
1015 3722 1298 3795 προτέρων
1321 3721 1380 3774 δὲ
1406 3720 1609 3789 γενεῶν
1629 3720 1736 3774 Βα-

33 3822 307 3877 ϐυλώνιοι
343 3819 445 3891 μὲν
472 3819 523 3871 οί
566 3815 703 3888 μηδὲ
742 3813 832 3869 τὸν
852 3812 995 3877 Θεὸν¹
1017 3812 1237 3875 είδότες,
1271 3813 1329 3864 ὲν
1368 3808 1585 3882 πλούτῳ
1640 3808 1735 3862 καὶ

30 3910 343 3983 δυναστείᾳ
385 3900 528 3982 ἦσαν
576 3909 671 3961 καὶ
711 3906 868 3977 τιμῇ,
919 3904 1165 3958 Ἰουδαῖοι
1207 3902 1266 3955 δὲ
1306 3902 1369 3956 ὲν
1389 3900 1736 3973 αἰχμαλωσίᾳ

33 4004 138 4061 καὶ
164 3999 390 4071 δουλείᾳ
410 4001 506 4054 καὶ
543 4000 655 4061 τοῖς
680 3996 931 4067 ἐσχάτοις
956 3995 1167 4056 κακοῖς.
1204 3992 1313 4046 Καὶ
1347 3990 1599 4064 Λάζαρος
1635 3991 1734 4061 μὲν

31 4098 63 4147 δ
92 4093 212 4146 τῶν
244 4088 493 4162 οὐρανῶν
521 4086 669 4155 ἄξιος
697 4086 793 4138 καὶ
822 4084 923 4154 τῆς
947 4079 1223 4153 βασιλείας
1246 4080 1349 4150 τῆς
1382 4082 1517 4141 ἐκεῖ,
1542 4079 1737 4133 εἱλκω-

36 4181 213 4254 μένος
236 4180 361 4241 ταῖς
397 4176 507 4230 τῶν
535 4173 713 4229 κυνῶν
742 4171 1031 4244 προέκειτο
1058 4164 1347 4239 γλώτταις,
1381 4165 1528 4239 λιμῷ
1562 4168 1733 4239 μαχό-

39 4286 215 4342 μενος
257 4269 536 4340 διηνεκεῖ·
570 4268 599 4321 δ
626 4264 683 4319 δὲ
714 4262 971 4325 πλούσιος
1006 4262 1065 4314 ἐν
1110 4261 1244 4330 τιμῇ
1284 4259 1381 4313 καὶ
1434 4257 1735 4342 δορυφορίᾳ

36 4341 137 4415 καὶ
172 4357 367 4413 ἀνέσει
398 4357 490 4411 καὶ
514 4355 730 4425 τρυφῇ·
763 4350 879 4406 ἀλλ’
902 4352 1052 4422 ὅμως
1072 4348 1225 4403 οὐδὲν
1249 4346 1373 4402 οὐτε
1402 4341 1557 4411 οὗτος
1588 4349 1646 4400 ιν
1667 4350 1732 4420 τῇ

34 4442 249 4513 γεέννῃ
292 4439 500 4494 τούτων
532 4436 808 4501 ἀπώνατο,
840 4433 965 4489 οὐτε
998 4432 1252 4502 Λάζαρος
1294 4431 1404 4486 ἀπὸ
1446 4430 1542 4485 τοῦ
1574 4430 1733 4504 λιμοῦ

31 4532 137 4587 καί⁵
189 4529 308 4585 τῶν
358 4528 691 4600 τραυμάτων
741 4526 821 4587 εἰς
864 4524 966 4596 τὴν
1013 4520 1303 4593 ἀκρίϐειαν
1334 4518 1430 4574 τοῦ
1465 4520 1734 4593 παρόντος

35 4611 374 4688 παρεϐλάϐη
425 4611 539 4682 βίου
558 4627 574 4642 ·
616 4609 731 4664 ἀλλ’
759 4607 949 4679 ὥσπερ
979 4624 1061 4671 τις
1090 4606 1338 4676 γενναῖος
1385 4603 1646 4676 ἀθλητὴς,
1676 4604 1735 4658 έν

36 4701 253 4777 αὐχμῷ
279 4703 373 4756 καὶ
410 4701 592 4770 πνίγει
626 4697 915 4770 βαρυτάτῳ
960 4694 1225 4761 παλαίων,
1264 4693 1359 4747 καὶ⁵
1395 4692 1615 4764 ἐνίκησε
1641 4693 1736 4746 καὶ

34 4789 430 4861 ἀπεφανώθη.
469 4787 572 4842 Διά
614 4785 774 4841 τοῦτο
806 4786 898 4840 καί
932 4792 1019 4848 τις
1046 4782 1208 4852 σοφός
1229 4794 1255 4823 ι
1285 4798 1453 4853 φησι·
1491 4782 1733 4849 Τέκνον,

31 4885 88 4939 αὶ
111 4879 432 4951 προσέρχῃ
466 4879 779 4933 δουαεύειν
799 4874 1017 4943 Κυρίῳ,
1036 4873 1362 4942 ἑτοίμασον
1388 4870 1504 4939 τὴν
1523 4870 1737 4941 ψυχήν

32 4988 161 5030 σου
217 4972 310 5037 εἰς
340 4967 710 5038 πειρασμόν·
729 4965 1000 5019 εὔθυνον
1031 4960 1148 5029 τὴν
1179 4959 1432 5030 καρδίαν
1468 4976 1607 5025 σου,
1634 4960 1733 5015 καί

32 5058 452 5131 καρτέρησον,
490 5056 590 5111 καί
636 5054 723 5126 μὴ
770 5054 1052 5121 σπεύσῃς
1080 5051 1152 5105 ἐν
1176 5049 1361 5119 καιρῷ
1394 5047 1732 5120 ἐπαγωγῆς.

34 5151 158 5206 Καὶ
206 5146 327 5220 μετέ
372 5145 535 5215 ὀλίγα
580 5145 745 5215 φησὶν
775 5143 877 5206 ὅτι,
896 5143 992 5194 Ἑν
1022 5138 1164 5208 πυρὶ
1198 5137 1564 5208 δοκιμάζεται
1591 5156 1737 5207 χρυ-

30 5239 182 5305 σὸς,
212 5235 315 5289 καί
357 5235 658 5302 ἄνθρωποι
688 5230 885 5285 δεκτοὶ
930 5229 1000 5281 ὲν
1032 5228 1261 5297 καμίνῳ
1299 5224 1732 5292 ταπεινώσεως.

34 5328 155 5383 Καὶ
210 5324 375 5379 πάλιν
418 5321 655 5392 ἀλλαχοῦ
683 5320 831 5389 λέγει
857 5337 869 5349 ·
907 5317 1154 5382 Τέκνον,
1173 5315 1261 5387 μὴ
1298 5314 1565 5385 όλιγτὶψει
1598 5330 1735 5370 παι-

32 5417 216 5481 δείας
251 5410 667 5482 Κυριόυ,μηδέ
701 5409 925 5464 ἐκλύου
959 5408 1061 5463 ὑπ’
1084 5405 1273 5461 αὐτοῦ
1309 5404 1729 5474 ἐλεγχόμενος.

48 5507 109 5557 '0
141 5503 261 5574 γὰρ
294 5504 357 5554 τὸ
399 5500 623 5572 χρυσίον
654 5501 734 5563 είς
782 5497 882 5568 τὴν
920 5495 1149 5567 κάμινον
1189 5493 1474 5566 ἐμϐάλλων
1508 5487 1615 5547 οἶδε
1642 5495 1736 5548 καὶ

39 5594 220 5666 μέχρι
254 5589 399 5654 τίνος
432 5587 565 5643 αὐτὸ
594 5585 960 5660 πυρωθῆναιι)
987 5586 1087 5650 δεῖ,
1112 5583 1206 5639 καὶ
1231 5583 1361 5636 πότε
1390 5582 1738 5655 ἀνασπασθῆ-

98 5771 129 5798 ⁸
156 5765 300 5815 Γηίιι.
327 5765 485 5815 codex
510 5762 649 5821 5056,
671 5769 724 5810 et
740 5762 887 5811 Savil.
916 5778 986 5816 τις
1005 5760 1294 5823 σοφώτατος.

101 5830 134 5873 ³ο
151 5829 241 5880 Sic
259 5826 394 5879 (ἴση).
420 5836 479 5878 ‘cl
503 5824 649 5876 Savil.
679 5824 849 5875 Morel.
876 5836 992 5874 vero
1012 5822 1263 5886 προθεῖναι.

1069 337 1447 397 ετΑοιιυυυ
1488 339 1530 395 Α
1568 337 1881 397 ΒᾹΞΜΟΝΕ
1928 340 2290 398 VEXATUM.
2334 343 2464 400 LIB.
2500 343 2541 399 1.

3416 349 3528 405 ua

1839 476 1947 513 ναι.
1972 459 2071 513 Διά
2108 458 2265 512 τοῦτο
2286 451 2439 523 οὗτος
2468 460 2568 531 μέν
2599 476 2762 532 φησι·
2800 461 2895 531 Μὴ
2928 464 3209 533 σπεύσῃς
3237 464 3306 519 ἐν
3336 464 3519 534 καιρῷ

1837 544 2243 616 ἐπαγωγῆφὈ
2272 545 2327 599 δὲ
2358 547 2629 618 Σολομὼν,
2658 548 2793 603 αὐτὸ
2841 550 2999 605 τοῦτο
3023 552 3291 607 διδάσκων
3327 552 3482 620 ἔλεγε
3500 567 3516 583 ·

1836 634 1933 703 Μὴ
1968 635 2193 689 ἐκλύου
2226 634 2326 689 ὑπ’
2356 636 2544 691 αὐτοῦ
2572 636 2990 707 ἐλεγχόμενος.
3019 640 3177 708 Μέγα
3208 638 3317 709 γάρ
3341 642 3373 712 ἡ
3406 640 3521 692 θλί-

1836 722 1952 793 ψις,
1989 723 2132 793 μέγα
2164 724 2301 795 πρὸς
2325 723 2387 777 τὸ
2420 724 2641 796 δόκιμον
2680 726 3017 797 ἐργάσασθαι
3050 727 3244 795 ἄνδρα,
3268 728 3362 781 καὶ
3387 744 3521 781 παι-

1837 809 2025 863 δεῦσαι
2078 811 2177 880 τῆς
2232 811 2510 882 ὑπομονῆς
2558 811 2657 882 τὴν
2692 814 2914 885 ἀρετήν.
2946 814 3010 866 Τί
3049 810 3155 880 οὖν⁴
3230 816 3413 886 φησὶν,
3451 815 3518 868 ἄν

1838 896 2141 969 περιτρέψῃ
2162 909 2183 938 ο
2220 899 2312 952 καὶ
2339 898 2621 974 καταϐάλῃ
2651 900 2737 955 διὰ
2763 903 2861 971 τῆς
2884 901 3215 972 ὐπερϐολῆςς
3245 903 3466 970 Πιστὸς
3488 908 3522 957 ὀ

1838 985 2003 1050 Θεὸς,
2039 985 2109 1053 ὃς
2155 987 2269 1040 οὐκ
2316 986 2484 1042 ἐάσει
2522 985 2682 1056 ἡμᾶς
2724 990 3126 1058 πειρασθῆναι
3177 989 3331 1059 ὑπὲρ
3356 990 3390 1044 δ
3417 989 3527 1045 δυ·

1835 1072 2096 1140 νὰμεθα,
2134 1075 2298 1130 ἀλλὰ
2333 1075 2455 1130 σὺν
2491 1074 2572 1143 τῷ
2618 1076 2927 1147 πειρασμῷ
2974 1080 3216 1144 ποιήσει
3261 1078 3361 1132 καί
3407 1079 3525 1145 τὴν

1836 1158 2091 1214 ἑκϐασιν
2121 1161 2227 1216 τοῦ
2267 1160 2563 1217 δύνασθαι
2606 1162 2764 1234 ἡμᾶς
2811 1165 3184 1235 ὑπενεγκεῖν.
3220 1166 3281 1219 Εί
3318 1166 3427 1236 γάρ
3454 1164 3529 1235 -ιξ

1835 1248 2057 1319 ἀγάπης
2087 1250 2186 1319 μὲν
2234 1251 2267 1321 ἡ
2311 1250 2552 1317 παιδεία,
2582 1255 2615 1323 ἡ
2642 1253 2699 1305 δὲ
2729 1254 3115 1325 ἐγκατάλειψις
3157 1254 3265 1307 ἀπὺ
3306 1254 3521 1325 μίσους,

1836 1334 1937 1389 οὐκ
1978 1335 2093 1390 ἐστι
2143 1337 2237 1392 τοῦ
2286 1338 2453 1392 αὐτοῦ
2483 1339 2657 1408 φιλεῖν
2691 1340 2828 1411 ὁμοῦ
2864 1344 2957 1395 καὶ
3000 1346 3177 1412 μισεῖν
3210 1341 3302 1395 τὸν
3334 1341 3521 1405 αὐτὸν,

1837 1422 1959 1478 οὐδὲ
1990 1424 2265 1479 παιδεύειν
2289 1426 2425 1497 ὁμοῦ
2450 1428 2542 1481 καὶ
2562 1428 3085 1499 ἐγκαταλιμπάνειν.
3118 1428 3244 1492 Πῶς
3278 1424 3372 1483 οῦν
3402 1429 3527 1482 πολ-

1839 1509 1920 1565 λοὶ
1978 1512 2316 1581 κατέπεσον;
2379 1516 2562 1586 φησίν.
2604 1516 2861 1580 Ἑαυτοὺς
2908 1518 3384 1590 ἀποστερήσαντες
3425 1516 3522 1574 τοῦ

1838 1597 1998 1665 Θεοῦ,
2047 1600 2107 1653 οὐ
2163 1603 2615 1673 καταλειφθέντες
2663 1605 3137 1662 ὑπἀὐτοῦ.Ἰδοὺ
3183 1606 3294 1677 γπὰρ
3336 1608 3388 1661 oi
3410 1621 3526 1677 μα·-

1838 1690 2165 1760 κρύνοντες
2216 1693 2472 1760 ἑαυτοὺς
2517 1692 2638 1748 ἀπὸ
2674 1694 2792 1748 σοῦ
2836 1695 3241 1750 ἀπολοῦνται.
3293 1694 3527 1768 Μακρύ-

1837 1794 1988 1832 νουσι
2022 1778 2081 1832 δὲ
2113 1778 2187 1852 μὴ
2221 1779 2482 1851 φέροντες
2515 1780 2615 1845 τὰς
2643 1779 2737 1835 τοῦ
2768 1780 2905 1835 Θεοῦ
2940 1782 3209 1847 παιδείας,
3232 1781 3347 1836 ἀλλ’
3370 1782 3526 1853 ὀργι-

1837 1867 2054 1939 ζόμενοι
2090 1869 2184 1923 καὶ
2215 1868 2773 1941 δυσανασχετοῦντες·
2812 1869 2906 1923 καὶ
2952 1870 3208 1942 καθάπερ
3241 1872 3289 1925 οἱ
3324 1869 3527 1941 μοχθη-

1838 1956 1925 2028 ροὶ
1954 1956 2061 2010 τῶν
2097 1956 2324 2023 παίδων,
2361 1957 2469 2011 τῶν
2498 1958 2749 2031 πατέρων
2774 1958 2971 2023 αὐτοὺς
3000 1958 3137 2031 πρὸς
3167 1957 3524 2021 διδασκάλους

1838 2045 2188 2116 πεμπόντων,
2206 2045 2273 2099 ἂν
2298 2047 2426 2111 τοὺς
2448 2047 2565 2100 ἐκεῖ
2596 2048 2792 2111 πόνους
2822 2048 2913 2101 καὶ
2938 2046 3037 2112 τὰς
3058 2045 3287 2116 ὀλίγαςά
3324 2046 3525 2116 φυγόν-

1837 2151 1929 2199 τες
1976 2134 2192 2206 πληγάς
2236 2136 2335 2206 τῆς
2377 2136 2487 2191 τῶν
2510 2135 2713 2206 γονέων
2750 2135 3102 2206 ἀποπηδῶσιν
3134 2133 3331 2206 ὅψεως,
3363 2135 3522 2207 ἐκέρ-

1836 2223 1993 2278 δανόν
2033 2241 2093 2278 τε
2130 2224 2304 2290 οὐδὲν,
2343 2226 2437 2280 καὶ
2473 2226 2713 2298 χείροσιν
2762 2227 2991 2290 ἑαυτοὺς
3028 2226 3393 2298 περιέπειραν
3424 2241 3525 2278 κα-

1838 2312 1976 2378 κοῖς,
1996 2352 1999 2355 λ
2017 2313 2074 2365 ἐν
2103 2311 2361 2387 ἀλλοτρίᾳ
2390 2312 2683 2383 λιμώττειν
2717 2315 2810 2367 καὶ
2838 2314 3070 2367 ἀλᾶσθαι
3106 2314 3198 2367 καὶ
3227 2315 3402 2366 νοσεῖν
3429 2311 3523 2366 καὶ

1838 2398 2203 2472 ἀτιμάζεσθαι
2231 2402 2325 2456 καὶ¹
2350 2402 2626 2456 δουλεύειν
2659 2401 3098 2474 ἀναγκαζόμενοι
3124 2421 3137 2434 ·
3168 2400 3313 2456 οὓτω
3345 2402 3441 2455 καὶ
3474 2403 3522 2456 οί

1835 2485 1934 2560 τὴν
1974 2486 2071 2541 τοῦ
2102 2486 2237 2540 Θεοῦ
2276 2487 2527 2543 παιδείαν
2571 2488 2910 2562 εὐχαρίστως
2956 2489 3031 2561 μὴ
3077 2490 3355 2560 φέροντες,
3387 2486 3525 2544 ἀλλὰ

1836 2573 2382 2646 δυσανασχετοῦντες,
2408 2576 2545 2647 πρὸς
2571 2577 2650 2647 τῷ
2693 2575 2861 2648 μηδὲν
2903 2577 2963 2645 ἐξ
2993 2575 3147 2650 [171]
3178 2576 3350 2647 αὐτῆς
3390 2591 3525 2647 καρ-

1838 2662 2123 2719 πώσασθαι
2156 2665 2252 2719 καλ.
2280 2667 2403 2729 ταῖς
2436 2665 2694 2737 ἐσχάταις
2723 2666 2949 2728 ἑαυτοὺς
2972 2663 3359 2737 περιϐάλλουσι
3393 2679 3524 2734 συμ-

1837 2755 2052 2824 φοραῖς.
2090 2752 2191 2807 Διά
2236 2753 2397 2807 τοῦτο
2444 2756 2737 2826 καρτερεῖν
2791 2754 3244 2826 παρηγγέλμεθα,
3288 2753 3384 2806 καὶ
3423 2752 3525 2823 τὴν

1837 2839 2065 2911 καρδίαν
2095 2839 2341 2895 εὐθύνειν
2384 2840 2483 2913 τὴν
2508 2841 2738 2897 ἑαυτῶν,
2759 2842 2919 2897 Ἀλλά
2952 2842 3133 2914 πολλῷ
3165 2840 3525 2913 χαλεπώτερα

1837 2927 2134 2992 πέπονθας.
2183 2928 2322 2982 Οὐδὲ
2349 2929 2459 3001 γὰρ
2488 2931 2538 2983 οί
2572 2930 2919 3001 παιδοτρίϐαι
2949 2931 3159 2994 πάντας
3196 2931 3397 3002 ὁμοίως
3430 2930 3525 2984 καὶ

1836 3014 1917 3067 ένὶ
1961 3010 2576 3086 τρόπῳγυμνάζουσιν,
2615 3016 2752 3070 ἀλλά
2800 3020 2914 3081 τοῖς
2966 3016 3067 3087 μὲν
3111 3011 3525 3088 ἀσθενεστέροις

1836 3102 2101 3179 ἀσθενεῖς,
2140 3104 2252 3165 τοῖς
2295 3103 2353 3155 δὲ
2394 3104 2661 3171 γενναίοις
2687 3106 2960 3169 τοιούτους
2985 3116 3008 3145 ο
3033 3105 3364 3175 παρέχουσιν
3397 3105 3525 3158 ἀντ-

1836 3188 2178 3257 αγωνιστάς·
2213 3190 2243 3242 ὁ
2283 3189 2391 3260 γὰρ
2426 3189 2637 3245 ἐλάττω
2684 3192 2782 3263 τῆς
2828 3193 3037 3257 οἰκείας
3087 3193 3370 3264 δυνάμεως
3429 3192 3525 3247 λα-

1837 3274 1948 3329 ϐὼν
1976 3276 2067 3329 τὸν
2096 3277 2528 3350 ἀνταγωνιστὴν.
2555 3278 2657 3333 κᾶν
2697 3279 2765 3333 δι’
2793 3281 2923 3352 ὅλης
2961 3281 3110 3353 αὐτῷ
3140 3281 3524 3353 συμπλέκηται

1835 3363 1933 3435 τῆς
1962 3363 2199 3435 ἡμέρας,
2230 3365 2439 3430 ἐκεῖνος
2469 3365 2819 3438 ἀγύμναστος
2862 3367 3064 3439 ἔμεινε.
3108 3370 3233 3433 Πῶς
3268 3364 3382 3434 οῦν,
3420 3386 3528 3439 φη·

1840 3455 1912 3519 σὶ,
1957 3454 2085 3517 τούς
2114 3454 2205 3507 τὸν
2242 3455 2408 3509 αὐτὸν
2440 3456 2892 3528 ἐπανῃρημένους
2935 3456 3165 3528 βίοννού
3196 3461 3309 3524 τοῖς
3338 3459 3526 3523 αὐτοῖς

1836 3542 2021 3597 ἀθλεῖν
2046 3540 2271 3614 ἐποίησε
2304 3544 2521 3609 πόνοις;
2554 3544 2677 3597 Ὅτι
2726 3544 2786 3597 οὐ
2827 3545 2937 3615 μία
2985 3544 3137 3614 παρὰ
3168 3545 3287 3617 Θεῷ
3308 3564 3525 3617 γυμνα-

1840 3628 1961 3693 σίας
1998 3628 2129 3695 ίδέα,
2158 3628 2280 3682 οὐδὲ
2322 3629 2431 3683 τῶν
2470 3629 2649 3684 αὐτῶν
2674 3630 2913 3696 ἀπαντες
2932 3632 3162 3697 δέονται,
3195 3632 3298 3686 κᾶν
3328 3634 3386 3686 δν
3412 3636 3524 3697 τοῖς

1838 3717 2021 3781 αὐτοῖς
2042 3709 2142 3770 ὦσι
2164 3734 2176 3748 ·
2203 3716 2299 3771 καὶ
2334 3717 2443 3789 γάρ
2462 3716 2743 3783 νοσοῦντες
2772 3719 2958 3773 πολλοὶ
2981 3722 3101 3784 ταῖς
3132 3720 3323 3783 αὐταῖς
3349 3720 3523 3785 νόσοις

1836 3804 1898 3856 οὐ
1941 3804 2052 3857 τῶν
2090 3802 2270 3857 αὐτῶν
2308 3802 2609 3875 ἐδεήθησαν
2654 3806 2987 3877 φαρμάκων,
3024 3806 3140 3860 ἀλλ’
3167 3806 3370 3877 ἑτέρων
3421 3806 3522 3877 μὲν

1838 3882 2004 3959 οὗτοι,
2034 3889 2237 3962 ἐτέρων
2271 3890 2330 3945 δὲ
2358 3892 2578 3947 ἐκεῖνοι.
2622 3894 2721 3949 Διά
2752 3893 2912 3947 τοῦτο
2946 3894 3178 3948 ποικίλοι
3214 3896 3308 3947 καὶ
3336 3894 3526 3963 διάφο-

1840 3999 1924 4055 ροι
1952 3980 2063 4037 τῶν
2092 3982 2373 4054 μαστίγων
2394 3983 2443 4037 οί
2473 3982 2687 4054 τρόποι,
2720 3984 2814 4037 καὶ
2844 3986 2872 4037 ό
2901 3984 3001 4055 μὲν
3049 3984 3189 4054 νόσῳ
3232 3984 3522 4055 δοκιμάζε-

1836 4088 1927 4125 ται
1962 4072 2169 4144 μακρᾷ,
2203 4073 2232 4125 ὁ
2255 4071 2312 4125 δὲ
2339 4070 2617 4144 βαρυτάτῃ
2652 4073 2831 4145 πενίᾳ,
2863 4072 2941 4144 τῷ
2972 4071 3255 4143 βιάζεσθαι
3289 4074 3385 4127 καὶ
3408 4074 3526 4128 ἀδι.

1838 4161 2051 4218 κεῖσθαι
2090 4161 2276 4236 Ξτερος
2300 4161 2345 4229 ί,
2395 4162 2555 4230 ἀλλος
2603 4163 2683 4235 τῷ
2732 4168 2974 4236 συνεχεῖς
3032 4166 3124 4218 καὶ
3173 4165 3521 4239 ἐπαλλήλους

1837 4251 2104 4316 θανάτους
2132 4252 2226 4307 καὶ
2254 4252 2460 4307 παίδων
2490 4253 2583 4307 καὶ
2618 4251 2728 4306 τῶν
2753 4252 2901 4323 αὐτῴ
2936 4254 3324 4326 προσηκόντων
3356 4254 3484 4309 ίδεῖν
3502 4271 3517 4287 ·

1837 4340 1932 4393 καὶ
1960 4331 2116 4403 οὗτος
2153 4339 2251 4411 μὲν
2280 4338 2360 4412 τῷ
2388 4339 2541 4413 παρά
2561 4341 2780 4394 πάντων
2808 4340 3244 4413 ἀπορῤίπτεσθαι
3273 4342 3369 4397 καὶ
3395 4344 3519 4415 μηδ’

1837 4426 1956 4491 ἑνὸς
1988 4425 2269 4492 ἀξιοῦσθαι
2320 4426 2503 4497 λόγου,
2535 4429 2743 4492 ἐκεῖνος
2788 4428 2845 4481 δὲ
2892 4428 2972 4499 τῷ
3008 4429 3394 4484 διαϐάλλεσθαι
3432 4429 3524 4501 ἐφ’

1835 4510 1917 4582 οἷς
1943 4516 2095 4583 οὐδὲν
2120 4514 2301 4588 ἑαυτῷ
2332 4515 2577 4582 σύνοιδεν
2606 4517 2702 4573 καὶ
2735 4520 2982 4589 πονηρᾶς
3021 4517 3182 4590 δόξης
3231 4518 3521 4590 ἀνέχεσθαι

1837 4606 2025 4678 βάρος,
2054 4607 2146 4659 καὶ
2175 4606 2332 4670 ἀλλος
2363 4599 2568 4670 ἄλλως·
2603 4606 2726 4660 οὐδὲ
2755 4606 2866 4677 γάρ
2892 4607 3117 4661 δυνατὸν
3144 4607 3361 4663 ἅπαντα
3383 4611 3521 4680 μετὰ

1836 4694 2122 4766 ἀκριϐείας
2147 4693 2619 4768 ἐξαριθμήσασθαι
2650 4693 2765 4749 νῦν.
2790 4694 3007 4749 Τούτων
3032 4694 3090 4749 δὲ
3116 4696 3345 4750 ἕκαστον
3374 4695 3523 4750 δοκεῖ

1840 4784 1961 4856 μὲν,
2000 4784 2123 4838 ὅσον
2150 4784 2285 4855 πρὸς
2313 4783 2413 4855 τὴν
2434 4783 2542 4839 τῶν
2566 4783 2676 4839 σῶν
2707 4784 3009 4857 παράθεσιν
3045 4785 3367 4858 συμφορῶν,
3392 4786 3521 4841 κοῦ-

1838 4886 1937 4942 φον
1970 4867 2110 4925 εἶναι
2154 4873 2247 4925 καὶ
2287 4871 2473 4925 οὐδέν·
2524 4874 2574 4926 εί
2614 4872 2676 4926 δὲ
2723 4874 2783 4927 ὲν
2834 4874 3001 4945 πείρᾳ
3035 4873 3305 4946 κατέστης
3337 4873 3520 4930 αὐτῶν

1837 4958 2040 5032 ιμαθες
2068 4957 2136 5014 ἀν
2174 4960 2256 5014 ὅτι
2280 4958 2439 5014 τοῦτο
2460 4961 2543 5031 ἐφ’
2567 4953 2613 5029 ᾧ
2642 4961 2706 5017 σύ
2736 4961 2831 5016 νῦν
2857 4962 3059 5026 ἀλύεις,
3084 4962 3311 5018 ἐκείνων
3340 4962 3521 5036 πολλῷ

1838 5048 2222 5123 φορητὸτερον.
2240 5049 2314 5101 Εί
2335 5049 2391 5103 δὲ
2413 5051 2507 5104 καλ⁵
2527 5049 2633 5104 είσί
2660 5066 2805 5114 τινες
2834 5049 3053 5107 ἔλαττον
3082 5050 3243 5123 ἡμῶν
3264 5052 3519 5107 παιδευόο

1842 5155 2014 5210 μενοι,
2044 5137 2119 5209 μὴ
2150 5136 2635 5209 σκανδαλιξιῖῳεθα
2659 5139 2751 5192 ἐπὶ
2772 5137 2944 5210 τούτῳ
2962 5156 2977 5170 ·
3010 5140 3043 5210 ἡ
3067 5138 3177 5212 γάρ
3197 5139 3304 5193 τῶν
3338 5140 3521 5195 πόνων

1837 5227 2091 5293 ἐπίτασις
2142 5227 2351 5298 μισθῶν
2393 5226 2644 5291 ὲπίτασίς
2681 5227 2797 5281 ἐστι
2851 5228 2948 5281 καὶ
2994 5226 3227 5300 ἔρεισμα
3276 5212 3519 5296 ἀσφαλὲς

1838 5317 1978 5390 πρὸς
2015 5316 2078 5370 τδ
2124 5316 2324 5388 μηκέτι
2365 5317 2592 5379 ἑκόντας
2620 5315 2655 5386 ἢ
2698 5316 2931 5380 ἀκοντας
2968 5318 3223 5371 ἐκπεσεῖν
3246 5334 3258 5347 ·
3288 5317 3519 5390 καὶγὰρ

1835 5407 2006 5477 τῦφον
2044 5405 2419 5471 καταστέλλει,
2442 5406 2538 5459 καὶ
2572 5405 2844 5476 ρᾳθυμίαν
2878 5406 3231 5477 ἀποστρέφει,
3260 5409 3354 5461 καὶ
3384 5422 3520 5480 ppo-

1902 5571 1923 5631 ξε
1961 5569 2045 5618 Sic
2076 5567 2214 5631 (ΞΟΠ).
2242 5574 2297 5617 et
2312 5569 2460 5619 Savil.
2490 5566 2552 5631 At
2575 5566 2747 5631 Morel.
2772 5567 3053 5631 ἐπιστρέψῃ.

1895 5629 1923 5671 (1
1948 5632 2028 5681 Sic
2049 5630 2187 5681 Colb.
2217 5637 2269 5680 et
2288 5632 2439 5681 Savil.
2460 5630 2633 5680 Morel.
2655 5631 2737 5678 καὶ
2756 5630 2840 5685 τὰς
2862 5629 3051 5677 ἐκεῖθεν.

1903 5698 1928 5725 ε
1948 5693 2124 5743 Mor-eL
2147 5694 2203 5741 οὐ
2220 5693 2479 5756 τοιούτους.
2508 5691 2633 5741 Infra
2658 5693 2709 5741 in
2742 5691 2919 5741 eodem
2942 5692 3049 5740 solo
3070 5695 3180 5755 post
3217 5692 3518 5756 ἐπανῃρημέ-

1836 5772 1940 5813 νους
1964 5757 2149 5818 legitur
2168 5755 2291 5818 ἐμοί.

1903 5818 1919 5857 ί
1948 5816 2119 5871 Μοιρι.
2144 5816 2293 5884 πενίᾳ·
2322 5820 2347 5868 ὁ
2372 5818 2423 5867 δὲ
2440 5818 2508 5881 τῷ
2536 5816 2774 5882 βιάζεσθαι
2795 5817 2875 5865 καὶ
2898 5817 3158 5866 διακεῖσθαι
3178 5817 3515 5881 Ξτερος,ηίι1ο.
