4266 6314
356 379 447 433 Hi

350 489 660 561 gligentiam
705 488 921 554 avertit,
964 485 1448 559 prudentior-etque
1484 498 1550 541 ac
1587 480 1950 553 religiosiores

351 579 534 637 eﬂicit.
579 580 722 637 Sane
745 581 791 636 si
817 580 938 651 quis
973 578 1158 634 omnia
1179 590 1504 635 enumerare
1545 575 1692 642 velit,
1719 572 1974 646 plurima.

351 674 703 731 tentatiouurn
726 672 1084 733 emolumenta
1104 669 1366 741 reperiet,
1386 667 1668 738 nulltuque
1692 679 1948 750 umquam

349 780 419 821 ea
445 765 530 839 iis,
559 766 650 835 qui
681 763 804 838 (Deo
838 761 1195 832 acceptabiles
1235 758 1472 827 fuerunt,
1515 759 1637 816 sine
1679 755 1949 829 pressaris

350 856 503 921 vixit,
534 855 745 911 etiamsi
773 869 882 910 non
911 854 986 909 ita
1013 852 1171 912 nobis
1199 852 1463 914 videatur.
1505 931 1508 934 .

423 971 476 1025 τ.
509 953 815 1039 sumptum
831 965 995 1024 Pauli
1022 967 1260 1040 apostoli.
1277 964 1498 1023 —rum
1519 965 1565 1021 si
1594 964 1785 1022 beatas
1805 963 1945 1020 Pau-

348 1062 438 1116 lus
454 1069 662 1117 tantum
690 1061 891 1132 negotii
911 1059 1198 1125 sustinuit,
1216 1059 1406 1114 nullus
1428 1070 1560 1113 vero
1580 1056 1749 1113 Paulo
1769 1055 1944 1127 major

347 1163 453 1220 est,
480 1161 572 1208 aut
600 1153 767 1208 etia
807 1151 1066 1222 aqualis:
1096 1165 1202 1222 qua
1232 1149 1448 1205 tandem
1483 1149 1693 1204 ratione
1719 1147 1802 1204 illi
1824 1162 1940 1204 cro-

345 1243 543 1298 duntur
566 1240 877 1313 hujustnodi
905 1241 1104 1296 auxilio
1129 1255 1237 1295 non
1266 1239 1560 1310 indiguisse
1580 1239 1606 1293 ἵ
1632 1238 1729 1294 Sin
1754 1248 1934 1293 autem

346 1333 562 1405 quidam
590 1350 657 1391 ex
695 1334 816 1389 istis
851 1332 1289 1389 tribulationibus
1328 1331 1598 1386 emendati
1644 1346 1753 1386 non
1792 1338 1938 1397 sunt,

349 1441 453 1482 non
497 1426 606 1482 boc
624 1426 709 1481 illi
735 1425 1110 1496 imputandum
1133 1434 1241 1492 est,
1269 1425 1372 1495 qui
1386 1424 1823 1480 emendationem
1860 1424 1944 1480 ln-

350 1519 487 1586 tullt,
510 1517 603 1573 sed
631 1517 844 1572 illorum
873 1519 1056 1588 potius
1083 1517 1440 1587 negligentie.
1464 1511 1603 1572 Nam
1629 1516 1674 1572 si
1699 1516 1940 1584 illlsgnon

347 1609 533 1663 fuisset
560 1608 868 1663 adhibitum
903 1608 1396 1672 medicamentum,
1425 1616 1524 1678 per
1561 1608 1942 1678 negligentiam

345 1699 569 1770 periisse
589 1698 904 1754 viderentur
930 1716 946 1754 :
975 1713 1115 1754 nunc
1139 1714 1270 1754 vero
1293 1713 1399 1753 non
1422 1712 1610 1770 parum
1633 1705 1810 1753 actum
1832 1707 1937 1765 est,

344 1803 466 1842 curn
489 1803 648 1844 nemo
667 1787 936 1843 medicum
961 1800 1218 1845 accusare
1246 1788 1438 1858 possit,
1468 1788 1567 1843 sed
1589 1798 1829 1860 aegrotos
1844 1805 1939 1860 po-

345 1881 449 1936 tius
477 1881 822 1951 ipsorumque
841 1881 1124 1935 incuriam.
1153 1881 1210 1936 Si
1234 1881 1326 1950 qui
1347 1895 1478 1936 vero
1499 1890 1788 1953 antequam
1819 1890 1937 1937 ten-

345 1982 604 2043 tarentnr,
645 1975 955 2046 gradientes
979 1984 1130 2030 recte
1149 2017 1165 2042 ,
1197 1984 1320 2045 post
1346 1975 1694 2030 tentationem
1720 1974 1939 2031 come-

341 2075 488 2132 runt,
517 2066 713 2137 aliique
736 2082 860 2122 cum
901 2066 1148 2122 omnibus
1186 2075 1368 2122 essent
1407 2068 1646 2137 peccatis
1674 2066 1891 2122 obnoxii
1914 2108 1934 2134 ,

346 2158 492 2213 nulla
511 2159 859 2214 tribulatione
879 2159 1057 2213 vexati
1074 2168 1214 2225 sunt,
1242 2159 1334 2213 alii
1352 2172 1480 2214 vero
1503 2174 1534 2213 a
1557 2160 1728 2230 prima
1754 2160 1934 2215 statim

341 2258 500 2304 aetate
550 2264 721 2321 usque
757 2249 824 2309 ad
877 2249 1124 2305 ultimum
1169 2251 1293 2305 vitae
1327 2249 1583 2320 spiritum
1638 2239 1935 2306 innumeris

338 2340 729 2396 calamitatibus
780 2341 994 2396 contriti
1037 2348 1195 2409 sunt,
1223 2355 1257 2396 a
1310 2341 1453 2396 nulla
1513 2341 1820 2412 hujusmodi
1872 2358 1934 2399 re

337 2431 648 2501 dejiciamur
712 2442 806 2486 aut
862 2431 1265 2502 perturbemur.
1334 2431 1549 2488 Etenim
1606 2431 1651 2489 si
1712 2449 1938 2490 omnem

339 2521 686 2592 providentia
706 2523 855 2578 illius
869 2524 1325 2595 dispensationem
1345 2525 1486 2590 scire
1512 2524 1820 2580 valeremus
1837 2534 1927 2581 aut

335 2613 676 2683 deberemus,-
695 2614 1142 2685 ista'ignorantes,
1163 2611 1412 2671 maror-is
1427 2629 1492 2670 ac
1515 2617 1935 2686 perturbationis

336 2719 442 2758 nun
465 2703 732 2761 lmnierito
760 2719 985 2760 causam
1000 2705 1207 2762 habere
1227 2704 1531 2762 viderentur
1558 2707 1685 2761 :-sin
1715 2722 1846 2762 vero
1857 2707 1926 2775 is,

333 2796 427 2864 qui
452 2802 728 2850 tantorum
747 2810 1066 2851 arcanorum
1087 2797 1380 2866 particeps,
1402 2796 1479 2851 ad
1505 2797 1724 2852 tertium
1738 2799 1930 2854 calum

333 2893 520 2956 raptus
545 2884 737 2953 fuerat,
783 2885 852 2942 ad
893 2886 1035 2942 hanc
1067 2897 1245 2943 tamen
1278 2887 1536 2960 abyssum
1564 2885 1933 2946 harena-suls-

333 2976 488 3040 stitit,
517 2976 920 3046 inspieiensque
949 2977 1003 3031 in
1031 2975 1353 3047 profundum
1375 2978 1686 3037 divitiarum
1709 2980 1928 3050 sapien-

334 3068 420 3121 tia:
443 3082 506 3121 ac
530 3069 770 3122 scientiae
797 3069 913 3135 Dei,
941 3068 1215 3138 obstupuit
1240 3069 1440 3135 solum,
1466 3070 1783 3140 atqueinde
1799 3071 1930 3126 κείς

331 3157 410 3213 liit
432 3175 448 3213 :
473 3157 602 3228 quid
631 3173 728 3214 nos
755 3158 898 3229 ipsos
923 3158 1122 3216 frustra
1145 3160 1506 3226 concidimus,
1524 3171 1928 3235 perscrutantes

331 3250 718 3319 inscrutabilia,
746 3262 907 3322 atque
925 3252 1312 3323 investigabiiia
1326 3254 1542 3314 curiose
1556 3255 1888 3327 inquit-entes
1903 3257 1927 3312 ?

332 3342 491 3399 Certe
508 3359 629 3404 cum
649 3344 894 3401 medicus
906 3345 1177 3400 contraria
1197 3345 1260 3400 iis
1275 3360 1395 3416 qua
1415 3346 1570 3402 nobis
1587 3347 1824 3420 salubria
1837 3349 1927 3405 .vi-

327 3435 520 3490 dentur
564 3435 842 3506 pracipit,
888 3436 1002 3491 sive
1040 3435 1242 3506 algens.
1265 3436 1568 3496 membrum
1614 3437 1748 3499 fonti
1790 3438 1924 3494 sub-

323 3523 488 3596 jicere
530 3525 744 3595 iubeat,
788 3525 904 3582 sive
942 3525 1050 3582 alia
1080 3526 1384 3598 hujusmodi
1433 3527 1799 3599 inexspectata
1838 3528 1926 3586 ἴεν

325 3617 451 3684 ciat,
499 3633 790 3688 numquam
839 3617 1201 3685 reluclamur;
1257 3619 1355 3680 sed
1401 3634 1523 3676 cum
1571 3621 1728 3682 nobis
1764 3631 1921 3686 antea

325 3709 748 3778 persuaserimus
773 3707 905 3764 artis
932 3706 1080 3763 illum
1119 3710 1327 3765 ratione
1366 3709 1419 3765 id
1456 3709 1650 3778 facere,
1675 3722 1923 3784 prompte

323 3813 387 3854 ac
410 3797 643 3854 libenter
667 3798 929 3864 cedimus,
957 3814 1081 3855 cum
1113 3800 1414 3872 tamengillc
1441 3801 1635 3872 sccpius
1664 3802 1919 3862 fallatur:

324 3890 490 3946 Deum
534 3905 683 3960 vero,
725 3892 813 3961 qui
855 3900 1062 3946 tantum
1091 3891 1142 3946 in
1175 3892 1427 3949 omnibus
1470 3909 1498 3947 a
1541 3894 1697 3950 nobis
1733 3895 1918 3965 distat,

322 3982 413 4052 qui
454 3991 538 4038 est
579 3983 694 4054 ipsa
757 3984 1017 4054 sapientia
1043 4025 1059 4052 ,
1109 3985 1199 4055 qui
1239 4001 1530 4056 numquam
1567 3987 1676 4044 falli
1719 3997 1917 4059 potest,

321 4089 510 4144 magna
530 4076 839 4132 curiositate
856 4078 1308 4146 perscrutabimur
1323 4079 1346 4133 ?
1362 4078 1605 4152 Cumque
1620 4081 1695 4135 illi
1711 4080 1919 4154 simpli-

322 4166 453 4222 citer
481 4168 800 4235 credamus,
844 4185 874 4222 a
920 4185 1027 4241 quo
1071 4171 1212 4226 facti-
1240 4175 1504 4229 rationem
1532 4175 1764 4250 exigere
1795 4176 1919 4248 jure

323 4272 625 4326 possemus,
657 4258 726 4313 ab
765 4260 877 4326 illo,
904 4261 990 4316 cui
1019 4262 1193 4317 solum
1221 4263 1552 4335 credendum
1581 4273 1687 4331 est,
1727 4280 1916 4326 eorum

319 4363 439 4418 quas
462 4351 688 4420 gesserit
724 4365 916 4406 causas
955 4367 1020 4407 ac
1062 4356 1299 4410 rationes
1343 4356 1716 4427 requiremus,
1755 4367 1916 4431 atque

320 4439 628 4509 hujusmodi
674 4441 1028 4514 ignorantiam
1085 4444 1302 4514 indigne
1349 4445 1624 4504 feremus?
1668 4449 1916 4523 Haecine

318 4540 443 4586 sunt
469 4532 732 4603 religiosa:
759 4534 955 4589 mentis
982 4549 1047 4590 ac
1070 4536 1207 4606 piro?
1231 4536 1330 4601 Ne,
1355 4554 1539 4608 quaeso
1563 4555 1630 4596 ac
1647 4542 1912 4613 supplico,

319 4636 385 4676 ne
409 4621 478 4677 ad
506 4631 705 4679 tantam
746 4627 1021 4681 vesaniam
1054 4628 1484 4707 progrediamur,
1515 4631 1616 4688 sed
1654 4633 1708 4688 in
1739 4635 1911 4690 omni-

319 4714 436 4781 bus,
456 4714 509 4770 in
549 4716 740 4786 quibus
787 4719 1127 4789 ambigimus,
1160 4721 1289 4776 illud
1321 4721 1562 4779 dicamus
1585 4724 1796 4781 Judicia
1821 4737 1912 4782 tua

313 4806 523 4877 abyssus
537 4810 697 4864 multa
710 4808 883 4878 (Ptol.
901 4811 1072 4884 35.7).
1091 4813 1292 4871 Namet
1307 4815 1407 4871 hoc
1425 4816 1620 4886 ipsum,
1635 4819 1777 4890 quod
1799 4799 1928 4878 non.

313 4899 488 4954 omnia
511 4911 694 4971 aperte
719 4904 940 4971 scimus,
970 4905 1165 4962 divina:
1183 4909 1463 4978 sapientia:
1505 4910 1744 4981 profecto
1764 4921 1868 4969 est.

386 4992 485 5049 Ubi
493 4995 623 5063 fida
638 4995 817 5051 habeat
832 4999 1213 5056 meritum—Si
1234 5001 1377 5057 enim
1391 5004 1627 5060 omnium
1639 5021 1758 5075 qua:
1775 5006 1908 5070 ﬁunt

310 5100 470 5141 causa
496 5097 552 5142 et
581 5088 791 5145 ratione
819 5091 1051 5162 cognita,
1077 5093 1150 5148 ita
1179 5093 1396 5149 demum
1425 5095 1537 5151 Deo
1567 5112 1903 5168 pareremus,

310 5196 415 5234 non
444 5196 634 5252 magna
664 5199 869 5247 merces
891 5194 1056 5250 esset,
1082 5203 1255 5258 neque
1286 5188 1409 5245 ﬁdei
1439 5190 1703 5248 exbibitio
1725 5209 1790 5248 ea
1814 5210 1902 5251 res

310 5271 585 5329 videretur
612 5291 627 5328 :
658 5289 781 5330 cum
809 5293 940 5332 vero
969 5279 1100 5334 nihil
1130 5281 1320 5337 horum
1346 5285 1560 5352 penitus
1590 5296 1898 5355 noscentes,

309 5363 378 5417 ita
400 5379 613 5436 quoque
647 5383 852 5423 summa
897 5369 1180 5429 allectione
1206 5374 1471 5431 mandatis
1496 5377 1614 5446 ejus
1646 5380 1899 5436 omnibus

306 5455 568 5522 cedimus,
607 5471 673 5512 ex
705 5457 937 5529 legitima
959 5461 1261 5520 obedientia
1309 5465 1521 5537 ﬁdeque
1548 5468 1892 5540 integerrima

306 5547 539 5603 maxima
569 5550 850 5606 animabus
901 5554 1099 5610 nostris
1130 5557 1491 5613 emolumenta
1522 5561 1895 5618 conciliamus.

307 5637 418 5694 lloc
455 5639 599 5695 enim
645 5642 818 5697 solum
852 5643 1005 5700 nobis
1041 5647 1368 5716 persuadere
1396 5649 1688 5719 debemus,
1718 5656 1896 5710 omnia

305 5732 458 5786 nobis
486 5732 686 5791 utiliter
714 5750 745 5790 a
787 5736 897 5793 Deo
924 5737 1107 5793 inferri
1132 5782 1146 5807 ,
1172 5741 1389 5796 modum
1419 5758 1524 5798 non
1556 5745 1784 5816 amplius
1811 5747 1895 5801 iu-

303 5823 596 5896 quircntes,
621 5840 798 5898 neque
821 5826 976 5898 hujus
998 5827 1382 5901 ignorationem
1409 5834 1642 5907 graviter
1664 5836 1748 5894 vel
1775 5853 1896 5898 cum

1194 372 1300 431 Δ»
1333 367 1710 431 STAGIRIUI
1752 367 1797 427 Δ
1837 363 2146 426 ῡλΕΜΟΝΕ
2186 362 2543 424 ΥΕΧΔΤυΜ.
2585 362 2719 427 ιω.
2753 359 2799 419 ι.

3555 350 3664 410 462

2061 491 2294 537 mterore
2317 477 2568 549 ferentes.
2590 475 2776 548 Neque
2799 474 2941 552 enim
2970 475 3227 547 possibile
3250 484 3334 536 est
3362 475 3463 549 ista
3489 478 3653 548 scire,

2058 585 2234 642 neque
2249 569 2379 626 utile
2398 587 2411 625 :
2445 568 2582 626 illud
2597 568 2719 642 quia
2735 569 2989 637 mortales
3014 584 3236 636 sumus;
3255 569 3380 637 hoc,
3397 570 3522 644 quia
3543 572 3656 627 cito

2057 660 2111 717 in
2135 661 2495 733 arrogantiam
2520 660 2852 728 extollitur“.
2873 659 3117 720 Plurima
3139 675 3238 718 nos
3262 652 3522 730 facimus,
3532 677 3656 732 qua

2054 766 2182 808 cum
2217 751 2402 810 liberis
2432 747 2638 811 nostris
2668 752 2828 828 noxia
2856 765 2980 808 esse
3010 751 3317 820 videantur,
3346 749 3494 808 utilia
3527 759 3655 808 sunt

2055 855 2232 904 tamen
2264 862 2278 900 :
2307 841 2535 916 quorum
2558 860 2732 920 neque
2753 845 2836 902 illi
2857 859 3050 921 causas
3074 837 3326 925 quierunt
3344 843 3651 919 addiscere,

2054 952 2228 1009 neque
2255 951 2355 1008 nos
2378 937 2490 1005 illis
2513 944 2670 1000 antea
2697 935 3024 1009 persuadere
3051 936 3328 1004 studemus
3350 978 3374 1005 ,
3401 937 3455 993 id
3480 953 3650 1013 expe-

2051 1029 2168 1106 dire
2190 1028 2601 1109 quodfacimus
2622 1029 2766 1096 μαι
2793 1029 2896 1089 hoc
2925 1029 3098 1101 solum
3126 1018 3654 1097 illosadmonemus.

2052 1123 2188 1186 ut-iu
2225 1122 2480 1192 omnibus
2499 1122 2695 1184 cedant
2718 1138 3074 1196 quaecumque
3095 1127 3455 1197 receperint
3469 1133 3653 1199 patres

2049 1213 2291 1285 nihilque
2320 1214 2550 1278 ulterius
2578 1213 2871 1286 inquirant.
2912 1213 3071 1294 Quod
3106 1214 3153 1273 si
3195 1211 3522 1286 parentibus
3553 1228 3652 1270 no-

2046 1308 2196 1377 stris,
2215 1308 2310 1379 qui
2333 1307 2579 1380 ejnadem
2604 1317 2765 1380 atque
2779 1322 2878 1378 nos
2901 1316 3104 1366 naturae
3122 1318 3270 1378 sunt,
3293 1309 3370 1364 ita
3396 1309 3653 1381 morigeri

2046 1416 2254 1480 sumus,
2279 1417 2451 1472 neque
2494 1403 2604 1458 ulla
2644 1401 2852 1461 ratione
2879 1401 3246 1472 indignamur,
3274 1402 3460 1465 Daune
3501 1401 3646 1459 indi-

2043 1492 2333 1564 gnabimur
2348 1492 2495 1564 quod
2511 1507 2624 1551 non
2653 1492 2796 1550 illius
2819 1492 3004 1564 omnia
3034 1492 3189 1548 nobis
3216 1492 3492 1563 explorata
3514 1494 3652 1564 sint,

2044 1584 2142 1654 qui
2175 1593 2320 1647 tanta
2347 1568 2671 1650 excellentia
2687 1583 2857 1641 nobis
2880 1583 3140 1656 praeellit
3163 1623 3180 1649 ,
3221 1592 3477 1658 quanam
3506 1585 3649 1642 inter

2047 1678 2212 1742 Deum
2238 1686 2296 1734 et
2325 1677 2575 1739 homines
2599 1676 2890 1736 discrimen
2911 1675 3235 1746 intercedit?
3268 1676 3501 1754 .thuid
3521 1677 3650 1736 huic

2045 1770 2303 1841 impietsti
2335 1785 2432 1841 par
2462 1768 2659 1832 fuerit?
2856 1828 2861 1832 ,
3217 1835 3226 1842 ,

2113 1859 2292 1932 Figuli
2320 1859 2551 1933 θεωρία
2577 1861 2830 1922 utitur.—
2845 1859 3120 1920 Adversus
3139 1859 3446 1932 huiusmodi
3461 1860 3643 1919 homi-

2043 1968 2140 2007 nes
2163 1967 2294 2010 sane
2325 1952 2513 2017 beatus
2543 1950 2738 2008 Paulus
2777 1952 3060 2023 indignans
3078 1951 3335 2014 dicebat:
3377 1950 3644 2027 Alioquin,

2043 2060 2073 2098 o
2103 2044 2271 2109 homo,
2293 2052 2346 2098 tu
2380 2044 2494 2112 quis
2517 2060 2571 2098 cs
2602 2043 3025 2114 qui-.respondeas
3048 2042 3154 2098 Deo
3169 2043 3196 2099 .’
3213 2041 3484 2117 Numquid
3512 2046 3646 2122 dicet

2043 2138 2338 2209 ﬁgmentum
2375 2137 2559 2209 {actori
2590 2152 2704 2201 suo,
2725 2135 2829 2191 Cur
2865 2152 2947 2190 sue
2974 2136 3048 2190 ita
3073 2137 3238 2207 fecisti
3255 2134 3641 2213 (Rout.9.20)!

2044 2228 2304 2301 Equidem
2349 2228 2576 2293 filiorum
2605 2227 2880 2298 exemplar
2913 2219 3332 2298 propesueram;
3365 2228 3483 2302 ipse
3512 2244 3643 2286 vero

2040 2321 2210 2378 multo
2236 2317 2410 2390 majus
2437 2321 2640 2392 posuit,
2669 2313 2815 2390 figuli
2839 2319 3066 2384 scilicet,
3093 2327 3257 2390 atque
3272 2319 3340 2374 ab
3358 2335 3425 2376 eo
3448 2320 3503 2376 in
3528 2319 3644 2378 for-

2039 2430 2184 2470 mam
2214 2413 2414 2470 redacti
2441 2413 2558 2468 luti.
2589 2411 2740 2482 Sicut
2780 2412 2925 2467 enim
2955 2412 3126 2470 lutum
3154 2427 3493 2486 quocumque
3518 2430 3643 2476 ma-

2041 2519 2142 2562 nus
2167 2520 2226 2559 se
2253 2503 2533 2562 formantis
2562 2501 2776 2557 duxerit
2800 2502 3064 2572 sequitur,
3094 2503 3166 2559 ita
3193 2502 3645 2581 hominemque;-

2039 2612 2268 2668 cumque
2294 2598 2436 2654 Deus
2457 2596 2698 2670 jusserit.
2715 2611 2780 2667 ea
2808 2596 3004 2667 sequi,
3030 2605 3094 2652 ,et
3120 2611 3240 2667 qua:
3281 2596 3374 2658 ille
3404 2597 3644 2659 intulerit

2039 2701 2191 2763 grato
2206 2692 2389 2747 animo
2413 2691 2651 2762 perferre
2670 2690 2944 2754 convenit,
2978 2688 3112 2754 nihil
3136 2689 3358 2760 omnino
3374 2690 3644 2749 nitidae-

2039 2786 2136 2853 do,
2160 2786 2246 2844 vel
2279 2783 2790 2845 curioseaddiscere
2811 2783 3122 2854 (ψει-θυαε).
3153 2783 3339 2856 Neque
3367 2786 3512 2848 enim
3537 2801 3644 2844 no-

2037 2879 2121 2934 bis
2146 2878 2275 2934 solis
2302 2878 2414 2938 ista,
2431 2877 2678 2946 ambigua
2707 2885 2866 2941 sunt,
2883 2892 3067 2941 verum
3100 2885 3158 2934 et
3273 2877 3362 2949 qui
3387 2889 3514 2937 ante
3542 2895 3646 2937 nos

2035 2969 2293 3033 luemnt,
2319 2969 2532 3026 sanctis
2573 2969 2682 3025 illis
2711 2983 2790 3024 ac'
2820 2968 3155 3045 mirabilibus
3197 2969 3348 3030 viris.
3379 2971 3472 3027 Ait
3493 2971 3644 3028 enim

2032 3061 2134 3118 Job
2166 3077 2211 3116 .:
2252 3060 2321 3117 ιιι
2369 3061 2492 3130 quid
2535 3060 2681 3130 impii
2704 3061 2954 3124 ,siuttnt.,,.
2984 3059 3284 3134 divitiisque
3326 3071 3642 3127 sumserint

2033 3152 2158 3225 (Job
2184 3152 2278 3208 Si.
2301 3150 2397 3224 ην
2424 3151 2623 3208 Beatus
2668 3159 2848 3210 autem
2886 3149 3074 3216 David,
3112 3149 3512 3223 Pene,lnquit,
3554 3153 3639 3224 cf.

2033 3244 2140 3316 fusi
2157 3253 2490 3314 sunth
2521 3241 2646 3306 mei,-
2665 3243 2786 3310 quis
2820 3239 2981 3306 scissi
3010 3257 3165 3311 super
3183 3241 3383 3313 iniquos
3408 3283 3426 3310 ,
3458 3260 3641 3315 paco.

2032 3345 2372 3409 peccatorum
2414 3333 2592 3392 vich
2634 3349 2656 3391 :
2707 3333 2842 3404 quis
2883 3349 2986 3390 non
3034 3341 3110 3388 est
3171 3344 3432 3405 respectus
3478 3339 3636 3394 morti

2029 3446 2227 3497 eorum,
2268 3439 2330 3484 et;
2349 3429 2738 3496 ﬁrmamentum
2767 3426 2994 3497 inpingit
3036 3441 3212 3482 eorum
3233 3443 3252 3482 :
3289 3429 3344 3483 in
3377 3427 3636 3494 laboribus

2030 3523 2291 3578 hominum
2316 3524 2417 3576 non
2441 3529 2580 3588 sunt,
2611 3529 2782 3575 etcum
2803 3519 3090 3579 hominibus
3116 3536 3215 3574 non
3227 3520 3635 3592 ﬁagellabuntur

2030 3615 2203 3688 (Ρωι.
2232 3615 2322 3671 72.
2347 3613 2518 3685 2.-5).
2541 3613 2668 3669 Post
2688 3611 2830 3668 hunc
2853 3611 3114 3668 Jeremias
3140 3627 3358 3684 quoque
3382 3614 3630 3675 dicebat;

2027 3709 2211 3764 Justus
2234 3725 2307 3776 es,
2353 3706 2592 3774 Domine,
2641 3716 2980 3762 verumtamen
3002 3705 3207 3777 judicia
3236 3707 3417 3779 loquar
3444 3708 3519 3767 ad
3559 3721 3629 3766 ιι.

2030 3803 2173 3869 Quid
2200 3811 2275 3857 est
2297 3801 2435 3873 quod
2450 3801 2531 3857 vis
2549 3808 2870 3871 peccatorum
2892 3806 3223 3869 prosperam
3243 3797 3378 3872 (Jer.
3400 3801 3493 3857 η.
3521 3802 3577 3873 ι)
3601 3804 3628 3860 τ

2026 3894 2385 3966 Ambigebant
2401 3892 2723 3972 isti'quidem
2754 3890 3286 3962 atqueinquirebant,
3304 3891 3401 3960 sed
3422 3909 3529 3963 non
3556 3895 3628 3951 ita

2025 3996 2084 4042 ut
2127 3986 2334 4043 faciunt
2372 3986 2521 4055 impii
2546 4003 2575 4049 ε,
2609 3999 2784 4054 neque
2805 3982 2950 4044 enim
2969 3983 3294 4039 accusabant
3328 3983 3522 4052 Deum,
3550 4002 3622 4043 ex

2025 4079 2090 4134 iis
2111 4093 2236 4150 quae
2264 4076 2419 4144 fiunt,
2451 4075 2602 4131 illum
2628 4075 2856 4146 injustice
2879 4074 3173 4144 arguebant
3199 4073 3336 4141 μετὰ
3354 4075 3490 4134 alius
3510 4079 3628 4150 qui-

2023 4170 2147 4226 dem
2171 4168 2348 4225 aiebat
2382 4185 2396 4222 :
2425 4166 2637 4223 Iustitia
2661 4175 2747 4220 tua
2771 4167 2902 4221 sicut
2932 4173 3124 4223 montes
3147 4165 3267 4234 Dei,
3299 4167 3502 4238 judt'a'a
3532 4179 3630 4226 ιω

2021 4263 2234 4334 abyssus
2254 4260 2412 4315 multa
2440 4258 2558 4332 (Ps.
2593 4258 2682 4323 55.
2717 4257 2793 4328 7).
2835 4257 2911 4312 De
2932 4258 3062 4322 alio,
3089 4271 3212 4312 cum
3246 4267 3391 4313 tanta
3431 4274 3626 4331 passus

2021 4362 2184 4417 esset,
2229 4350 2486 4422 scriptum
2531 4358 2615 4406 est
2655 4365 2672 4403 :
2725 4346 2848 4403 Non
2908 4349 3046 4404 dedit
3113 4349 3456 4419 insipientiam
3515 4350 3626 4407 Deo

2021 4444 2145 4516 (Job
2176 4445 2227 4499 l.
2255 4444 2374 4515 22).
2408 4443 2476 4499 Et
2517 4442 2572 4498 in
2609 4440 2802 4498 eodem
2841 4440 2977 4507 libro
3017 4441 3622 4512 incomprehensibilem

2020 4521 2337 4606 sapientiam
2366 4534 2507 4592 illius
2532 4541 2587 4589 et
2610 4532 3064 4602 dispensationem
3096 4548 3376 4601 enarrans,
3403 4548 3530 4591 cum
3550 4535 3620 4592 de

2017 4630 2290 4686 creatione
2309 4628 2690 4684 disseruisset:
2723 4623 2856 4680 Ecce
2881 4626 2994 4680 ista:
3015 4637 3136 4681 tam:
3155 4636 3324 4696 partes
3351 4627 3448 4682 uie
3485 4629 3619 4700 ejus,

2017 4733 2064 4777 et
2083 4722 2152 4776 ad
2177 4723 2438 4777 humorem
2465 4720 2597 4776 uerbi
2626 4719 2888 4774 audiemus
2913 4719 2970 4786 in
3003 4735 3062 4774 eo
3091 4717 3212 4790 (Job
3260 4720 3349 4776 26.
3391 4721 3503 4792 id).
3533 4719 3620 4777 id-

2016 4817 2191 4886 ipsum
2233 4829 2448 4886 quoque
2486 4814 2748 4872 let-emiss
2793 4800 3079 4883 previdens
3104 4827 3172 4869 ne
3206 4813 3327 4884 quis
3358 4829 3617 4887 umquam

2015 4910 2399 4980 suspicaretur,
2449 4905 2853 4977 interrogationi
2884 4904 3146 4976 judicium
3200 4920 3357 4961 suum
3403 4923 3617 4978 ρι-ςθρο.

2015 5002 2122 5058 suit
2140 5001 2326 5057 dicens
2356 5018 2369 5055 :
2398 4998 2578 5054 Justus
2595 5016 2668 5064 es,
2698 4996 2917 5054 Domine
2948 4996 3094 5052 :hoc
3112 5007 3218 5066 est,
3245 4999 3372 5054 Scio
3399 4999 3620 5070 quidem

2013 5110 2044 5149 a
2069 5104 2122 5150 te
2141 5094 2317 5150 omnia
2347 5093 2458 5148 fieri
2476 5092 2640 5163 juste,
2667 5091 2884 5146 modum
2909 5099 3092 5146 autem
3120 5091 3310 5161 ignoro
3329 5107 3435 5162 quo
3461 5093 3615 5148 ﬁunt.

2013 5188 2152 5257 Quid
2181 5187 2383 5259 igitur?
2407 5186 2712 5256 ampliusne
2743 5185 2820 5239 illi
2847 5184 3182 5240 didicerunt?
3212 5184 3417 5255 Nempe
3457 5184 3528 5242 de
3552 5188 3618 5245 iis

2012 5283 2217 5338 nullum
2242 5297 2557 5353 responsum
2588 5280 2891 5336 retulerunt
2917 5297 2931 5333 ε
2961 5281 3103 5351 quod
3129 5281 3316 5338 beatus
3342 5282 3508 5339 David
3533 5283 3617 5339 in-

2011 5376 2173 5443 dicat,
2206 5391 2326 5430 cum
2349 5374 2480 5430 dicit
2512 5391 2524 5428 :
2558 5374 2624 5428 Et
2653 5373 3000 5429 existimabam
3020 5383 3076 5428 at
3094 5391 3469 5446 cognoscerem,
3493 5378 3618 5446 quia

2012 5468 2105 5522 hoc
2141 5468 2284 5522 labor
2326 5477 2398 5523 est
2432 5478 2550 5523 ante
2600 5485 2679 5522 me
2703 5467 2721 5538 (
2743 5466 2890 5522 Psal.
2920 5468 3009 5524 72.
3036 5467 3148 5539 l6).
3184 5467 3388 5526 idcirco
3431 5480 3612 5528 autem

2011 5577 2266 5633 responsa
2309 5567 2471 5632 super
2515 5562 2599 5617 his
2626 5576 2735 5616 non
2763 5569 3118 5632 acceperunt,
3142 5571 3202 5620 ut
3225 5562 3620 5634 posterioribus.

2011 5653 2220 5708 saeculis
2255 5653 2460 5708 futuros
2490 5653 2734 5709 homines
2768 5651 3027 5708 docerent
3051 5653 3214 5709 etiam
3243 5654 3348 5725 ipsi
3375 5653 3613 5714 interro-

2009 5747 2225 5817 gatione
2278 5747 2568 5803 abstinere.
2610 5748 2785 5817 Atque
2834 5746 2909 5802 illi
2951 5745 3172 5817 quidem
3198 5763 3363 5803 unum
3405 5757 3610 5806 tantum

2011 5839 2372 5909 inquirebant,
2399 5854 2494 5896 cur
2515 5838 2719 5896 scilicet
2747 5838 2892 5910 impii
2918 5841 2968 5895 in
2994 5840 3146 5912 copia
3165 5857 3345 5900 rerum
3368 5846 3608 5904 omnium
