4264 6312
650 327 754 386 ιιδ

651 452 704 496 et
724 427 1071 510 prosperitate
1097 434 1360 502 viverent,
1380 442 1432 488 et
1458 448 1525 487 ne
1550 430 1627 486 sic
1660 428 1872 500 quidem
1890 426 2186 482 didicerunt
2211 439 2224 478 :

653 548 707 587 at
737 547 861 587 vero
889 531 971 585 isti
1004 529 1158 599 longe
1187 527 1338 598 plura
1384 539 1540 596 quam
1567 521 1648 576 illi
1673 523 1883 577 curiose
1905 525 2227 574 scrutantur.

650 625 727 680 Ea
775 624 917 679 enim
976 639 1093 693 qua:
1144 635 1282 674 nunc
1334 625 1720 688 proponuntur,
1772 613 1938 668 multo
1987 613 2230 683 graviora

649 723 791 769 s’unt.
820 711 1001 783 itaque
1031 706 1304 766 manifesta
1336 709 1524 762 horum
1567 707 1705 760 ratio
1748 704 1822 759 illi
1867 703 2225 776 permittatur,

647 807 738 878 qui
771 805 915 860 novit
942 802 1119 858 omnia
1146 811 1424 871 antequam
1443 799 1587 852 iiant.

723 898 777 954 8.
807 897 911 954 Car
934 895 1050 950 boni
1105 894 1392 966 a‘ﬂigautur
1435 889 1765 963 querendum
1817 904 1916 942 non
1967 895 2056 941 est.
2080 913 2150 926 —-
2172 882 2228 939 Si

648 999 826 1045 tamen
848 1001 981 1056 opus
1003 987 1072 1041 sit
1102 1001 1200 1040 nos
1228 999 1294 1040 ex
1329 985 1413 1051 iis,
1436 999 1556 1054 qua:
1585 982 1695 1052 jam
1725 989 1848 1034 nota
1872 978 2025 1033 nobis
2061 985 2184 1032 sunt
2211 1015 2227 1041 ,

649 1079 967 1134 solutionem
1017 1077 1361 1147 quaesitorum
1397 1083 1452 1128 et
1471 1071 1891 1129 consolationem
1931 1069 2234 1138 excogitare

652 1174 867 1240 promer
907 1182 1000 1223 eos
1027 1166 1117 1238 qul
1161 1173 1271 1221 tam
1309 1165 1519 1220 curiose
1555 1163 1642 1217 illa
1683 1162 2058 1225 sciscitantur,
2102 1158 2233 1213 illud

648 1261 872 1318 dixerim
897 1305 910 1328 ,
937 1261 1209 1331 indignum
1252 1274 1374 1316 esse
1410 1274 1650 1329 querere
1683 1273 1780 1312 cur
1807 1257 1932 1312 boui
1983 1256 2033 1310 in
2080 1269 2232 1323 pres-

648 1355 788 1408 suris
808 1393 825 1419 ,
855 1352 979 1407 mali
1006 1362 1189 1406 contra
1221 1352 1272 1406 in
1329 1349 1510 1421 requie
1540 1350 1851 1418 persiSIant,
1880 1346 2082 1401 caelesti
2122 1345 2232 1414 jam

650 1443 884 1498 revelato
923 1458 1088 1511 regno
1111 1483 1126 1507 ,
1158 1440 1428 1512 futurique
1452 1440 1631 1495 saeculi
1665 1439 1885 1511 prmmio
1929 1438 2088 1492 nobis
2138 1451 2230 1492 os-

652 1542 822 1589 tenso.
854 1531 985 1587 Nam
1004 1548 1124 1587 cum
1155 1534 1208 1587 in
1239 1532 1325 1586 illa
1364 1530 1468 1586 vita
1509 1532 1700 1601 singuli
1729 1530 1884 1600 digna
1912 1528 2023 1584 suis
2064 1527 2227 1583 meri-

651 1628 720 1680 tis
747 1626 1047 1694 recipiant,
1083 1625 1207 1696 quid
1227 1625 1336 1696 jam
1363 1626 1442 1678 eis
1480 1625 1637 1678 rebus
1677 1622 2082 1692 perturbamur,
2113 1635 2233 1690 quas

659 1720 746 1774 hic
775 1719 928 1774 bonis
956 1728 1046 1772 aut
1078 1717 1231 1772 malis
1274 1716 1630 1786 contingunt?
1662 1716 1800 1769 Deus
1829 1714 1969 1769 enim
2005 1725 2099 1767 eos
2144 1712 2232 1782 qui

655 1811 757 1865 sibi
789 1809 1084 1873 adhaerent,
1116 1808 1278 1862 veluti
1310 1806 1627 1861 fortissimos
1653 1805 1900 1870 athletas,
1924 1802 2232 1872 hujusmodi

662 1903 932 1957 laboribus
958 1908 1192 1966 exercet,
1226 1899 1603 1954 imbecilliores
1644 1913 1772 1952 vero
1798 1912 1859 1951 ac
1892 1896 2151 1951 tardiores
2177 1895 2193 1925 ¹
2214 1935 2231 1961 ,

657 2004 709 2049 ct
757 1994 846 2065 Qui
897 1994 1030 2049 nihil
1080 1993 1334 2048 durorum
1388 1991 1630 2046 laborum
1687 1992 1930 2062 perferre
1977 1998 2234 2058 possunt,

661 2085 807 2156 prius
874 2086 940 2140 ad
1003 2084 1140 2140 bona
1191 2100 1355 2156 opera
1411 2085 1670 2139 hortatur.
1721 2082 1873 2150 Quod
1948 2082 1992 2137 si
2051 2091 2234 2137 contra

660 2191 1056 2246 nonnumquam
1098 2177 1306 2242 evenit,
1341 2175 1659 2245 plurimique
1685 2175 1814 2244 justi
1844 2174 1928 2228 hic
1957 2174 2010 2227 in
2047 2172 2234 2242 requie

655 2270 816 2323 vitam
834 2283 954 2322 cum
981 2267 1183 2321 honore
1208 2275 1388 2336 agunt,
1414 2265 1536 2319 mali
1556 2266 1750 2330 veroin
1773 2263 2061 2336 ignominia
2087 2276 2234 2317 sum-

655 2359 861 2429 tuisque
878 2351 1286 2412 adversitatibus
1306 2356 1622 2427 perdurant,
1638 2357 1850 2411 interim
1864 2354 2075 2426 quidem
2091 2355 2237 2424 prior

653 2450 741 2505 illa
786 2449 1014 2517 objectio
1041 2490 1056 2515 ,
1103 2463 1220 2518 qua:
1256 2448 1416 2518 ai’iiigi
1447 2448 1640 2513 bonos,
1678 2447 1847 2501 malos
1880 2461 2009 2501 vero
2043 2446 2238 2515 jngiter

657 2556 779 2597 esse
824 2543 874 2595 in
907 2541 1111 2596 deliciis
1141 2542 1568 2610 conquerebatur
1595 2584 1609 2604 ,
1655 2539 1753 2595 hac
1804 2540 2008 2595 ratione
2052 2555 2235 2595 eversa

653 2629 983 2702 proﬂigatur.
1014 2631 1109 2686 Sin
1131 2640 1306 2686 autem
1338 2642 1390 2686 et
1431 2631 1586 2700 hujus
1610 2631 1685 2685 rei
1720 2646 1937 2684 causam
1969 2630 2238 2700 inquirere

654 2722 879 2776 velimus
902 2762 917 2787 ,
949 2721 999 2776 id
1052 2721 1289 2792 profecto
1332 2722 1560 2776 dixerim
1591 2763 1604 2786 ,
1639 2723 1804 2775 Deum
1831 2729 2009 2774 nostra
2056 2719 2234 2774 omnia

654 2828 760 2867 non
810 2827 916 2867 uno
945 2813 1102 2867 modo
1128 2813 1338 2866 solitum
1385 2827 1504 2866 esse
1559 2811 1846 2881 dispOnere
1872 2850 1888 2876 ,
1919 2810 2011 2864 sed
2058 2825 2235 2864 rerum

655 2903 806 2973 copia
836 2903 1171 2968 instructum,
1217 2904 1396 2973 plures
1426 2902 1582 2957 nobis
1609 2902 1673 2955 ad
1703 2902 1928 2956 salutem
1957 2901 2071 2956 vias
2101 2910 2237 2956 ster-

659 3008 805 3048 nere.
831 2994 966 3048 Cum
1017 2996 1192 3065 itaque
1221 2995 1399 3064 plures
1449 2996 1557 3048 sint
1580 3035 1594 3060 ,
1625 2994 1714 3064 qui
1762 2992 1921 3047 futuri
1949 2992 2126 3047 satcttii
2174 3007 2238 3047 ac

654 3088 1063 3142 resurrectionis
1106 3088 1400 3142 doctrinam
1438 3089 1718 3143 aomittere
1762 3087 2102 3159 pertinaciter
2147 3103 2236 3141 re-

653 3191 839 3246 nuant,
869 3180 1029 3234 veluti
1063 3180 1114 3235 in
1142 3181 1286 3236 brevi
1316 3181 1492 3234 tabula
1522 3181 1607 3234 hic
1631 3180 1815 3250 judicii
1861 3179 2021 3233 futuri
2049 3178 2238 3250 imagi-

655 3288 778 3327 nem
806 3271 1040 3327 ostendit
1063 3314 1076 3336 ,
1102 3287 1223 3325 cum
1253 3273 1401 3342 punit
1449 3271 1617 3326 malos
1646 3311 1661 3336 ,
1695 3271 1865 3325 bonos
1910 3280 2234 3324 remunerat.

654 3365 808 3433 Quod
837 3380 955 3420 cum
988 3365 1039 3419 in
1065 3365 1262 3434 judicio
1280 3365 1368 3418 illo
1391 3380 1637 3434 supremo
1658 3363 1978 3434 generaliter
2003 3363 2235 3418 futurum

661 3460 766 3526 sit,
795 3460 954 3512 etiam
986 3472 1127 3513 nunc
1146 3474 1210 3512 ex
1244 3466 1391 3527 parte
1419 3457 1592 3526 aliqua
1623 3457 1743 3511 ideo
1773 3456 1831 3509 iit
1855 3497 1869 3521 ,
1897 3467 1952 3509 ut
1984 3457 2071 3525 qui
2097 3456 2236 3510 circa

656 3553 1005 3624 longinquum
1034 3552 1160 3605 illud
1184 3551 1438 3620 judicium
1466 3565 1561 3619 spe
1583 3550 1713 3617 lapsi
1739 3559 1895 3616 sunt,
1925 3549 2007 3602 vei
2033 3548 2094 3601 iis
2120 3563 2237 3618 qua:

670 3648 726 3700 in
759 3646 858 3698 hoc
887 3643 1080 3699 sarculo
1107 3644 1418 3711 contingunt
1443 3641 1719 3703 admeniti,
1751 3640 2138 3694 mansuetiores
2162 3647 2242 3692 at-

655 3752 766 3809 que
784 3734 1032 3789 meliores
1051 3734 1194 3788 fiant.
1207 3733 1262 3789 Si
1281 3734 1418 3787 enim
1440 3733 1614 3786 nullus
1631 3731 1714 3785 hic
1732 3731 1948 3785 omnino
1966 3730 2241 3800 puniretur

660 3828 854 3892 maius,
887 3827 1165 3893 nullusque
1190 3826 1543 3878 honoraretur
1571 3823 1764 3889 bonus,
1796 3819 2010 3892 plurimi
2052 3835 2121 3876 ex
2177 3818 2241 3874 iis

653 3921 748 3988 qui
798 3918 1245 3972 resurrectionem
1299 3929 1405 3969 non
1452 3915 1721 3978 credunt,
1773 3914 2027 3968 virtutem
2078 3912 2240 3966 veluti

657 4008 918 4063 maiorum
951 4023 1164 4071 causam
1199 4006 1485 4077 fugerent,
1533 4005 1877 4059 vitiositatem
1907 4019 2036 4058 vero
2077 4004 2242 4059 veluti

654 4102 920 4156 bonorum
971 4115 1184 4156 causam
1234 4108 1679 4170 persequerentur
1728 4116 1741 4152 :
1792 4098 1836 4151 si
1889 4113 2102 4152 rursum
2156 4099 2244 4152 hic

664 4193 857 4264 singuli
905 4194 1054 4262 juxta
1107 4194 1294 4246 merita
1343 4193 1689 4261 reciperent,
1743 4191 2067 4262 superﬂuam
2133 4193 2241 4260 jam

656 4285 956 4354 falsamque
985 4283 1558 4352 existintarentjudicii
1607 4283 1928 4337 doctrinam.
1963 4283 2148 4353 itaque
2175 4298 2243 4339 ne

663 4379 793 4433 huic
839 4393 945 4432 non
998 4376 1305 4431 crederetur
1334 4417 1349 4442 ,
1375 4390 1443 4430 ne
1486 4375 1671 4444 ingens
1715 4375 2053 4444 vulgarisque
2091 4374 2240 4430 turba

657 4486 728 4526 ex
755 4477 1074 4538 contemptu,
1092 4468 1328 4522 deterior
1374 4467 1557 4533 ﬂeret,
1586 4467 1782 4522 multos
1812 4466 1899 4523 hic
1937 4477 2254 4537 peccatores-

661 4564 956 4629 uiciscitur,
981 4561 1344 4632 quosdamque
1364 4576 1461 4631 pro
1489 4570 1635 4616 recte
1663 4561 1813 4616 factis
1839 4570 2164 4628 remunerat.
2188 4571 2246 4616 ut

664 4670 730 4710 ex
761 4669 826 4710 co
864 4654 1004 4725 quod
1035 4669 1140 4708 non
1173 4654 1224 4707 in
1270 4653 1519 4708 omnibus
1563 4652 1614 4707 id
1659 4652 1783 4708 facit
1819 4653 2002 4724 judicii
2041 4663 2247 4708 asserat

673 4748 853 4811 fidem,
885 4763 947 4802 ex
977 4762 1042 4802 eo
1077 4763 1206 4801 vero
1232 4748 1372 4816 quod
1403 4757 1524 4802 ante
1542 4746 1796 4816 judicium
1838 4763 2049 4818 quoque
2079 4748 2246 4801 malos

661 4841 869 4911 aliquos
900 4839 1172 4910 suppliciis
1202 4839 1398 4902 afﬁcit,
1430 4838 1846 4908 profundissimo
1875 4840 2022 4908 quasi
2055 4853 2246 4892 somno

660 4930 899 5000 sepultos
925 4930 1140 4985 excitet.
1171 4930 1299 4984 Nam
1328 4946 1397 4984 ex
1438 4930 1697 4984 malorum
1721 4931 1936 5000 quidem
1970 4931 2246 4999 punitione

667 5021 875 5090 plurimi
903 5022 1091 5075 timore
1117 5023 1471 5090 corriguntur,
1491 5037 1558 5075 ne
1581 5023 1845 5090 patiantur
1867 5021 2076 5085 eadem;
2095 5036 2161 5076 ex
2179 5036 2246 5074 eo

661 5124 840 5166 autem
872 5111 1138 5182 quodnon
1167 5115 1416 5167 omnibus
1444 5129 1538 5182 pro
1569 5117 1758 5168 merito
1787 5113 1871 5167 hic
1898 5114 2242 5173 rctrihuatur.

660 5205 898 5273 cogitare
950 5205 1339 5271 compelluntur
1391 5205 1692 5274 hujusmudi
1725 5206 1941 5274 pratmia
1994 5206 2046 5259 in
2099 5205 2242 5261 aliud

663 5304 874 5361 tempus
904 5307 1023 5348 esse
1053 5308 1341 5350 reservata.

735 5385 840 5437 Cur
890 5401 990 5438 non
1058 5403 1228 5441 omnes
1284 5389 1364 5441 hic
1429 5387 1562 5442 Deus
1607 5390 1901 5458 puniat.-—
1947 5388 2243 5460 Numquam

661 5477 807 5530 enim
858 5477 1091 5546 profecto
1122 5520 1136 5545 ,
1186 5494 1306 5534 cum
1366 5480 1542 5550 justus
1588 5481 1658 5534 sit
1711 5481 1847 5535 Deus
1876 5521 1893 5547 ,
1971 5490 2048 5536 tot
2089 5496 2245 5551 sper-

665 5579 817 5624 nerct
862 5570 974 5624 sive
1027 5571 1196 5625 malos
1225 5572 1510 5641 impunitos
1559 5587 1627 5626 ex
1668 5572 1772 5626 vita
1824 5574 2080 5645 migrare,
2131 5575 2244 5629 sive

666 5660 836 5716 bonos
897 5661 982 5716 hic
1027 5661 1318 5718 innumeris
1375 5665 1726 5719 incommodis
1777 5663 1961 5731 afﬁci,
2026 5667 2070 5721 si
2137 5681 2243 5722 non

730 5795 744 5827 ³
781 5799 828 5845 in
846 5796 980 5846 Sasii.
1014 5795 1211 5846 rt'Celb.
1235 5797 1409 5849 desunt
1436 5797 1600 5860 \‘Cl‘bﬂ,
1625 5811 1681 5847 ac
1705 5802 1958 5849 tardt‘Orcs.

1355 320 1414 378 S.
1449 313 1728 377 JOANNIS
1764 310 2236 373 CHRYSOSTOMI
2275 308 2594 366 ARCHIEP.
2633 303 3168 364 CONSTANTINOP.

3825 306 3930 367 αι

2337 423 2578 492 utrisque
2619 418 2787 476 alium
2836 423 2890 477 in
2939 423 3115 478 natura
3161 423 3357 480 saeculo
3409 431 3603 480 statum
3663 438 3929 496 parasset.

2334 515 2593 585 Quocirca
2655 532 2766 572 non
2820 531 3010 572 omnes
3092 517 3179 571 vel
3255 519 3517 588 snppiicio
3571 519 3652 574 vei
3723 519 3932 575 honore

2334 607 2520 675 afﬁcit,
2551 607 2645 662 sed
2699 607 2982 678 quosdam,
3015 608 3153 662 sicut
3199 615 3254 664 et
3275 609 3326 663 iu
3359 609 3645 664 Persarum
3673 626 3799 681 rege
3822 652 3838 676 ,
3872 622 3934 667 et

2336 703 2386 758 in
2436 701 2662 756 Ezechia
2702 703 2957 771 contigit,
3007 718 3330 772 quamquam
3372 703 3570 760 fuerint
3616 704 3834 775 plurimi
3873 715 3934 760 et

2333 793 2555 864 Assyrio
2607 793 2919 864 impietate,
2961 803 3016 848 et
3068 793 3312 849 Ezecltia:
3363 796 3561 865 pietate
3611 810 3677 851 ac
3727 795 3933 851 virtute

2334 898 2509 955 pares.
2539 882 2646 939 Sed
2677 899 2782 938 non
2807 899 2932 955 erga
2958 899 3148 940 omnes
3179 885 3282 940 hoc
3305 886 3415 957 agit
3443 889 3584 943 Deus
3613 906 3626 942 :
3652 888 3808 957 cujus
3851 889 3930 942 rei

2333 991 2494 1031 causa
2529 985 2643 1042 est,
2675 985 2734 1031 ut
2765 976 2911 1041 dixi,
2955 978 3097 1048 quod
3127 979 3361 1034 nondum
3389 980 3529 1034 adsit
3550 981 3737 1050 judicii
3786 993 3930 1036 tem-

2337 1083 2456 1137 pus.
2486 1068 2640 1136 Quod
2667 1079 2845 1123 autetn
2895 1071 2994 1122 ista
3028 1069 3270 1124 doctrina
3321 1087 3437 1126 mea
3471 1088 3576 1126 non
3602 1073 3714 1137 sit,
3754 1073 3824 1127 ab
3861 1089 3932 1128 eo

2335 1159 2423 1229 qui
2454 1176 2552 1214 nos
2582 1168 2707 1214 tunc
2728 1159 3066 1228 judicatttrus
3100 1169 3183 1215 est
3220 1161 3379 1214 modo
3407 1162 3612 1217 audies.
3641 1162 3773 1217 Nam
3800 1179 3930 1219 cum

2337 1251 2564 1322 profecti
2619 1251 2686 1306 ad
2731 1267 2854 1306 eum
2895 1253 3108 1322 quidam
3157 1264 3386 1308 mortem
3438 1254 3650 1309 illorum
3696 1255 3785 1325 qui
3828 1256 3933 1311 sub

2336 1351 2484 1397 turre
2509 1343 2684 1397 obruti
2733 1341 2982 1411 fuerant,
3015 1343 3275 1413 Piiatique
3302 1345 3572 1400 vesaniam
3610 1347 3933 1402 annuutiaso

2335 1446 2476 1503 seut,
2509 1451 2667 1506 quam
2695 1437 2748 1491 in
2775 1449 2870 1490 eos
2892 1437 2982 1505 qui
3013 1437 3209 1491 mortui
3235 1435 3445 1493 fuerant
3468 1438 3740 1496 ostendit.
3759 1439 3933 1492 sacri-

2338 1527 2472 1583 ficiis
2503 1528 2713 1583 illorum
2739 1529 3054 1600 sanguinem
3089 1528 3364 1585 miscendo
3385 1571 3402 1598 ,
3433 1538 3546 1587 tum
3573 1530 3684 1586 ait:
3723 1529 3932 1586 Putatis

2334 1619 2468 1689 quod
2504 1619 2558 1672 hi
2587 1617 2790 1674 Galilei
2836 1631 3121 1690 peccatores
3169 1637 3278 1688 pro
3303 1624 3496 1677 caten's
3558 1621 3784 1678 Galilcis
3814 1625 3931 1692 fue-

2336 1714 2439 1767 rint
2465 1754 2480 1778 ,
2512 1713 2600 1784 qui
2626 1713 2750 1767 (alia
2775 1714 2914 1785 passi
2947 1715 3109 1769 sunt?
3138 1712 3259 1768 Non
3285 1756 3302 1781 ,
3330 1715 3444 1769 dico
3492 1715 3631 1770 vobis
3658 1757 3673 1781 ,
3702 1716 3791 1770 sed
3831 1715 3932 1769 nisi

2338 1807 2678 1877 panitastiam
2710 1807 2909 1878 egeritis
2930 1848 2945 1873 ,
2975 1823 3145 1860 omnes
3172 1807 3404 1862 similiter
3445 1808 3691 1877 peribitis.
3725 1808 3822 1861 Aut
3851 1807 3931 1860 illi

2338 1902 2506 1956 decem
2538 1911 2718 1956 stacta
2742 1918 2898 1970 super
2926 1917 3051 1970 quos
3084 1901 3261 1954 cecidit
3296 1902 3451 1954 turris
3470 1901 3630 1965 Siloe,
3672 1910 3720 1953 et
3749 1901 3945 1954 occidit.

2338 1994 2488 2058 illos,
2537 1993 2724 2064 putatis
2767 1995 2904 2064 quod
2945 1993 3046 2062 ipsi
3097 2008 3204 2063 pra
3247 1991 3515 2057 ontnibus,
3556 1993 3642 2062 qui
3697 1992 3931 2046 habitant

2335 2082 2654 2150 Jerusalem,
2685 2083 2928 2138 debitores
2948 2082 3172 2152 fuerint?
3197 2081 3336 2145 Non,
3369 2083 3480 2136 dico
3504 2081 3676 2150 vobis,
3703 2082 3792 2136 sed
3825 2082 3926 2136 nisi

2341 2175 2680 2242 renitentiatn
2729 2176 2930 2246 egeritis
2955 2216 2971 2241 ,
3021 2190 3195 2229 omnes
3243 2174 3472 2229 similiter
3513 2174 3738 2245 per-ibitis
3765 2173 3918 2244 (Luc.

2341 2267 2427 2322 15.
2478 2266 2580 2321 2-5
2611 2267 2650 2337 ).
2707 2265 2834 2321 Brec
2879 2265 3152 2319 dilationis
3196 2279 3358 2320 causa
3422 2274 3523 2319 est.
3577 2263 3777 2319 idcirco
3820 2280 3930 2319 non

2339 2373 2526 2412 omnes
2575 2357 2666 2428 qui
2717 2355 2920 2412 eisdem
2968 2355 3248 2426 suppliciis
3283 2365 3408 2411 sunt
3431 2357 3577 2428 digni
3605 2372 3707 2411 una
3740 2339 3933 2426 punire

2338 2452 2635 2515 consuevit,
2660 2457 2717 2504 ut
2747 2449 2933 2519 reliqui
2956 2465 3143 2504 eorum
3165 2450 3378 2504 casibus
3397 2448 3656 2504 admoniti
3682 2449 3935 2505 meliores

2340 2542 2488 2596 iiant.
2534 2542 2709 2612 Atque
2751 2540 2851 2595 ista
2878 2539 3096 2610 quidem
3154 2541 3368 2596 interim
3416 2541 3640 2596 solvisse
3681 2539 3934 2596 sufﬁciat.

2338 2634 2443 2689 Sed
2489 2634 2633 2688 enim
2676 2643 2731 2688 tu
2785 2634 3028 2688 fortassis
3082 2649 3145 2689 ea
3194 2634 3398 2698 etiam,
3437 2648 3558 2703 quae
3597 2633 3755 2703 paulo
3809 2642 3936 2687 ante

2343 2727 2752 2796 proposuimus,
2783 2726 2955 2781 multo
3003 2725 3166 2780 etiam
3198 2725 3531 2795 perplexiora
3555 2764 3570 2789 ,
3602 2734 3660 2778 ut
3687 2724 3936 2778 similiter

2339 2817 2653 2883 enodentus,
2685 2819 2928 2888 inquiris.
2961 2817 3068 2872 Sed
3093 2833 3212 2871 cum
3239 2817 3418 2888 priora
3449 2831 3546 2888 pro
3566 2816 3766 2871 viribus
3787 2826 3936 2886 pate-

2338 2910 2642 2978 fecerimus,
2664 2911 2731 2965 ad
2757 2911 2844 2965 illa
2861 2911 3022 2965 etiam
3053 2911 3306 2966 solvenda
3329 2910 3669 2966 fundamenta
3688 2909 3936 2980 quaedam

2335 3004 2478 3074 jacta
2503 3003 2670 3058 fuisse
2698 3003 3040 3058 arbitramur.

2413 3115 2516 3170 Cur
2565 3114 2712 3169 multi
2754 3124 2858 3169 tota
2898 3116 2999 3169 vita
3027 3115 3329 3186 afﬂigantur.
3365 3143 3438 3155 —
3473 3112 3610 3181 Quid
3641 3129 3768 3183 ergo
3809 3113 3936 3170 illud

2340 3217 2442 3272 est,
2475 3207 2526 3262 in
2558 3222 2664 3276 quo
2701 3205 2875 3262 haeres
2906 3215 2961 3260 et
2996 3206 3262 3260 iiuctuas‘!
3286 3205 3440 3273 Quod
3473 3206 3683 3276 plurimi
3714 3222 3780 3261 ex
3825 3206 3937 3276 pri-

2339 3300 2559 3355 mordiis
2588 3301 2761 3354 astatis
2806 3299 2872 3354 ad
2917 3299 3077 3354 linem
3118 3314 3288 3370 usque
3335 3301 3496 3353 variis
3547 3298 3940 3354 calamitatibus

2343 3391 2452 3444 sint
2503 3389 2698 3445 allecti.
2751 3389 2865 3459 Ego
2905 3400 2960 3444 et
2985 3389 3052 3444 de
3081 3390 3163 3443 bis
3205 3399 3259 3443 et
3285 3387 3350 3443 de
3382 3390 3651 3459 prioribus
3685 3388 3936 3457 dixerim,

2342 3482 2612 3552 prtecipue
2642 3482 2856 3552 quidem
2898 3481 3018 3536 illos
3047 3482 3118 3536 ob
3147 3483 3360 3552 propria
3386 3484 3522 3543 vitia.
3541 3482 3750 3552 puniri,
3781 3481 3940 3538 dein-

2340 3591 2467 3645 ceps
2499 3591 2645 3640 vero,
2679 3576 2842 3630 utaiii
2869 3589 3083 3646 quoque
3120 3575 3334 3629 illorum
3364 3576 3613 3644 exemplo
3641 3576 3938 3632 emenden-

2343 3677 2444 3722 tur.
2493 3669 2648 3735 Quod
2697 3669 2740 3723 si
2781 3683 2888 3722 non
2919 3669 2971 3722 in
3002 3668 3253 3722 omnibus
3283 3668 3334 3722 id
3377 3668 3453 3732 ﬁt,
3497 3669 3628 3723 nihil
3667 3677 3750 3725 est
3794 3670 3960 3739 quod'

2342 3761 2556 3814 mireris
2592 3780 2604 3816 :
2639 3761 2874 3815 nondum
2900 3762 3043 3815 enim
3075 3760 3258 3830 judicii
3291 3770 3499 3831 tempus
3525 3761 3758 3816 advenit.
3796 3762 3940 3830 Quid

2343 3869 2469 3922 ergo
2499 3853 2565 3907 de
2595 3854 2698 3908 illis
2719 3855 2883 3919 dices,
2929 3855 3125 3925 inquis,
3158 3854 3245 3925 qui
3286 3865 3568 3925 antequam
3599 3870 3696 3924 per
3720 3864 3935 3910 aetatem

2345 3945 2480 3998 bona
2512 3947 2593 4000 vel
2618 3946 2751 3999 mala
2775 3946 3081 4002 discernere
3109 3949 3334 4016 possint,
3359 3947 3508 4016 quasi
3544 3949 3776 4002 maxime
3806 3963 3938 4018 pec-

2343 4037 2602 4102 caverint,
2634 4038 2909 4107 suppliciis
2933 4038 3274 4093 afiiciuntur?
3299 4038 3465 4108 Hujus
3484 4039 3701 4106 quidem
3723 4041 3798 4095 rei
3833 4056 3938 4095 non

2343 4143 2446 4180 una
2468 4139 2754 4194 estcausa,
2803 4128 2897 4184 sed
2918 4129 3161 4199 plurima:
3186 4143 3250 4183 ac
3283 4131 3463 4183 variat.
3497 4130 3627 4185 Nam
3662 4141 3715 4186 et
3745 4148 3808 4186 ex
3848 4149 3942 4201 pa-

2345 4227 2552 4272 rentum
2581 4219 3009 4290 intempcrantia,
3041 4229 3094 4275 et
3121 4235 3185 4275 ex
3217 4221 3563 4277 nutritiorum
3594 4223 3936 4293 negligentia,

2343 4319 2398 4365 et
2427 4325 2490 4364 ex
2514 4310 2831 4381 intemperie
2856 4322 3014 4381 atque
3035 4311 3393 4381 inaequalitate
3420 4314 3559 4368 aeris
3579 4355 3593 4378 ,
3625 4322 3680 4368 et
3726 4330 3790 4369 ex
3818 4314 3940 4370 aliis

2347 4401 2589 4471 plurimis
2637 4402 2940 4472 hujusmodi
2991 4402 3204 4456 casibus
3264 4402 3317 4458 id
3373 4405 3685 4476 contingere
3739 4414 3937 4476 potest.

2347 4497 2610 4551 Prate‘rea
2678 4511 2798 4550 cum
2872 4495 3130 4565 plurimos
3181 4495 3396 4552 illorum
3449 4497 3657 4552 futuros
3706 4512 3936 4567 nequam

2347 4589 2679 4660 prresciverit
2705 4589 2879 4654 Deus,
2909 4604 3004 4644 eos
3026 4589 3185 4643 veluti
3222 4591 3571 4659 compedibus
3614 4589 3931 4660 quibusdam

2346 4681 2651 4750 hujusmodi
2679 4681 2940 4752 supplicio
2967 4691 3201 4736 coercet.
3229 4665 3324 4736 An.
3342 4697 3448 4737 non
3479 4682 3626 4738 vides
3646 4693 3699 4737 et
3725 4682 3938 4738 mendi-

2345 4773 2815 4842 corum-plurimos
2843 4773 2983 4827 inter
3010 4788 3285 4843 pressuras
3311 4774 3455 4843 ipsas
3483 4783 3536 4828 et
3563 4773 3834 4843 angustias
3856 4775 3939 4830 in-

2348 4881 2563 4921 numera
2586 4876 2959 4935 perpetrantes
2983 4866 3212 4932 scelera,
3233 4882 3457 4936 quorum
3491 4876 3666 4920 tamen
3697 4869 3938 4922 omnium

2344 4973 2503 5012 causa
2534 4973 2638 5011 non
2663 4957 2886 5012 afﬂictio
2912 4959 3237 5028 paupertatis
3262 4969 3364 5024 est,
3399 4959 3493 5014 sed
3529 4960 3640 5014 sola
3669 4960 3940 5031 nequitia?

2349 5051 2540 5105 Audivi
2589 5067 2687 5122 ego
2711 5053 2972 5121 quosdam
3002 5052 3289 5122 aliquando
3316 5067 3436 5107 cum
3464 5051 3706 5108 dicerent
3748 5054 3938 5124 hujus-

2349 5142 2487 5195 tuodi
2517 5142 2760 5196 homines
2814 5143 3095 5197 mulierem
3125 5143 3408 5213 quamdam
3435 5143 3714 5199 honestam
3741 5154 3796 5200 et
3822 5144 3937 5199 for-

2351 5248 2436 5287 nta
2465 5233 2673 5288 liberali
2709 5233 2758 5286 in
2790 5232 3081 5288 solitudine
3111 5244 3313 5301 nactos,
3341 5235 3389 5290 ei
3419 5237 3681 5290 violenter
3705 5251 3767 5290 ac
3787 5246 3939 5306 petu-

2349 5325 2518 5378 lanter
2547 5325 2800 5379 illusisse.
2831 5327 2988 5395 Atqui
3017 5341 3120 5396 qua
3137 5328 3478 5395 necessitate,
3508 5345 3611 5398 qua
3637 5329 3939 5386 calamitate

2347 5417 2410 5471 ad
2435 5418 2533 5471 hoc
2555 5417 2752 5471 inducti
2786 5419 2948 5472 sunt?
2980 5435 3098 5488 qua:
3119 5419 3204 5472 isti
3223 5421 3421 5475 scelera
3445 5436 3549 5475 non
3569 5421 3933 5485 admisissent,

2346 5511 2389 5564 si
2413 5525 2517 5564 non
2534 5509 2834 5580 ltujusmodi
2855 5513 3002 5580 quasi
3025 5513 3249 5568 vinculis
3269 5515 3710 5568 continerentur?
3739 5515 3935 5571 Eorum

2347 5617 2471 5657 vero
2501 5604 2585 5672 qui
2623 5603 2926 5658 carceribus
2966 5605 3153 5659 inclusi
3185 5616 3308 5661 sunt
3335 5608 3451 5676 quis
3480 5606 3634 5662 facile
3661 5609 3935 5664 vesaniam

2346 5706 2399 5752 et
2421 5698 2622 5751 rabient
2656 5696 2892 5767 perferre
2923 5699 3121 5768 possit?
3146 5700 3211 5753 At
3241 5699 3274 5753 ii
3315 5699 3401 5769 qui
3429 5714 3457 5752 a
3480 5699 3725 5755 drenmne
3760 5703 3933 5754 corri-

2352 5790 2565 5860 piuntur
2586 5790 2754 5846 nihilo
2783 5790 2986 5847 minora
3021 5791 3101 5847 his
3133 5789 3332 5848 faCtuut
3356 5808 3369 5844 :
3397 5807 3500 5848 non
3535 5800 3708 5847 autem
3731 5808 3792 5848 ea
3817 5807 3933 5849 tuo-
