4264 6312
33 398 151 453 ιω

34 512 281 586 ιύθηνία
312 512 407 569 καὶ
447 512 685 586 πλούτῳ,
730 512 824 568 καὶ
862 513 985 567 ούδέ
1017 512 1191 578 οὓτως
1232 514 1569 587 ἐμάνθανον·
1604 515 1655 567 οί
1686 513 1744 567 δέ

32 606 137 664 νῦν
184 609 375 681 πολλῷ
425 610 652 666 πλείονα
697 610 923 665 ἐκείνων
968 610 1525 685 πολυπραγμονοῦσιυ
1570 611 1746 667 ταῦτα

31 707 153 778 (ἀρ
182 708 256 761 τά
292 708 390 761 νῦν
428 708 796 778 προτιθέμενα
826 706 1010 780 πολλῷ
1042 708 1265 763 πλείονα
1314 709 1541 763 ἐκείνων
1572 710 1740 765 ἐστίν.

32 806 108 858 ’0
147 806 255 876 μὲν
280 800 374 859 οὖν
401 806 577 878 σαφὴς
612 804 769 873 λόγος
805 804 1012 859 τούτων
1042 806 1429 877 ἐπιτετράφθω
1458 806 1536 879 τῷ
1563 807 1743 862 πάντα

29 902 215 957 εἰδότι
252 904 387 974 πρὶν
424 902 693 972 γενέσεως
719 901 924 956 αὐτῶν.

107 1042 187 1117 η’.
254 1045 319 1106 Εἰ
347 1045 404 1099 δὲ
445 1046 551 1118 χρὴ
584 1044 681 1099 καὶ
719 1043 918 1109 αὐτοὺς
956 1045 1022 1099 ἐκ
1063 1043 1175 1098 τῶν
1214 1044 1316 1116 ἥδη
1360 1043 1745 1114 γεγενημένων

27 1134 349 1205 (νωρίμων
382 1136 515 1205 ἡμῖν
564 1134 854 1204 ἐπινοῆσαι
903 1132 1058 1187 λύσιν
1098 1133 1194 1187 καὶ
1222 1130 1603 1204 ’παραμυθίαν
1630 1134 1745 1195 τοῖς

27 1222 415 1293 ζητουμένοις
457 1222 603 1287 τινά,
632 1221 721 1276 διά
762 1224 890 1285 τοὺς
926 1220 1136 1293 σφόδρα
1167 1219 1340 1274 ταῦτα
1377 1219 1747 1291 περιεργαζο-

26 1312 278 1380 μένους,
328 1310 507 1364 ἐκεῖνό
542 1326 715 1381 φημι,
759 1311 842 1364 ὃτι
881 1310 944 1364 τὸ
984 1309 1085 1382 μὲν
1117 1309 1245 1373 τοὺς
1272 1307 1516 1370 δικαίους
1545 1309 1604 1360 ἐν
1634 1305 1745 1360 θλί-

26 1398 207 1466 βεσιν
239 1394 404 1463 εἶναι,
434 1400 493 1452 ἰν
520 1400 708 1452 ἀνέσει
738 1397 795 1452 δὲ
825 1399 953 1461 τοὺς
986 1397 1280 1469 πονηροὺς,
1316 1396 1439 1449 οὐδὲ
1461 1394 1743 1465 ζητήσεως

25 1484 198 1550 Ξξιον
251 1485 464 1552 λοιπὸν,
498 1486 600 1557 τῆς
641 1485 922 1558 βασιλείας
955 1483 1463 1555 ἀποκαλυφθείσης,
1512 1484 1603 1537 καὶ
1643 1482 1744 1554 τῆς

24 1576 188 1629 κατά
226 1577 322 1629 τὸν
373 1576 635 1648 μέλλοντα
670 1577 843 1631 αίῶνα
877 1576 1204 1640 ἀντιδόσεως
1238 1574 1548 1646 δειχθείσης
1587 1575 1739 1644 ημῖν.

24 1665 148 1719 Ιόὖ
204 1666 317 1738 γάρ
368 1666 490 1721 κατ’
538 1667 696 1733 ἀξίαν
751 1670 869 1721 ἐκεῖ
924 1668 1180 1739 μένοντος
1234 1667 1486 1730 ἐκαστον,
1537 1664 1589 1719 τί
1637 1666 1745 1738 χρὴ

23 1754 417 1823 ταράττεσθαι
455 1759 568 1820 τοῖς
610 1758 920 1829 γινομένοις
970 1756 1158 1811 ἐνθάδε
1205 1754 1392 1819 καλοῖς
1436 1754 1469 1827 ἢ
1517 1758 1741 1821 κακοῖς;

22 1842 185 1906 Τοὺς
226 1844 327 1914 μὲν
358 1843 469 1917 γὰρ
506 1844 655 1916 αὐτῷ
692 1844 1062 1917 προσέχοντας
1089 1846 1116 1898 ὁ
1143 1843 1298 1911 Θεὸς,
1330 1844 1427 1897 ἆτε
1460 1843 1746 1912 γενναίους

22 1931 309 2001 άθλητάέ,
339 1932 553 1997 τούτοις
598 1932 871 2005 γυμνάζει
916 1936 1031 1997 τοῖς
1070 1932 1287 1998 πόνοις,
1327 1933 1455 1996 τοὺς
1481 1933 1539 1986 δὲ
1577 1934 1744 1987 ἀσθε-

22 2018 336 2092 νεστέρους
386 2020 482 2073 καὶ
512 2019 872 2092 βραδυτέρους
896 2029 915 2051 ⁸
951 2022 1045 2075 καί
1076 2019 1246 2091 μηδὲν
1283 2018 1392 2073 τῶν
1425 2020 1745 2091 βαρυτέρων

20 2107 383 2179 δυναμένους
418 2109 664 2177 ἐνεγκεῖν
700 2109 968 2182 πρότερον
1016 2107 1168 2182 [174]
1213 2110 1291 2172 είς
1330 2110 1429 2181 τὴν
1463 2108 1571 2161 τῶν
1608 2111 1746 2178 ἀγα-

19 2194 149 2249 θῶν
218 2196 403 2269 ἔργων
451 2199 637 2267 ἐνάγει
688 2198 1036 2271 προτροπὴν,
1066 2199 1130 2251 Εἰ
1174 2198 1232 2251 δὲ
1275 2198 1372 2251 καὶ
1431 2196 1744 2251 τούναντίον

20 2284 342 2357 συμϐαίνει
390 2285 651 2352 πολλάκις
668 2314 691 2355 ,ε
731 2288 827 2341 καὶ
884 2287 1071 2342 πολλοὶ
1110 2286 1210 2357 μὲν
1258 2286 1367 2340 τῶν
1411 2285 1637 2341 δικαίων
1684 2287 1742 2341 ἐν

18 2373 232 2428 ἀνέσει
262 2374 512 2445 διάγουσι
557 2377 652 2430 καὶ
690 2378 858 2449 τιμῇ,
887 2375 999 2430 τῶν
1043 2374 1101 2429 δέ
1144 2374 1401 2447 πονηρῶν
1446 2377 1503 2429 ἐν
1547 2373 1743 2446 ἀτιμίᾳ

18 2463 134 2516 καὶ
173 2466 295 2528 τοῖς
339 2464 591 2535 ἐσχάτοις
634 2468 860 2532 κακοῖς,
907 2465 1047 2529 τέως
1101 2464 1202 2536 μὲν
1244 2466 1376 2535 ἡμῖν
1426 2465 1459 2536 η
1500 2464 1743 2537 προτέρα

18 2549 355 2616 ἀντίθεσις,
403 2551 708 2623 ὴλέγουσα
762 2552 1066 2608 κακοῦσθαι
1132 2553 1231 2624 μὲν
1281 2552 1409 2616 τοὺς
1467 2551 1740 2618 δικαίους,

16 2642 166 2704 ’τοὺς
203 2640 263 2693 δὲ
320 2640 539 2707 ἀδίκους
572 2645 806 2716 τρυφᾷν,
838 2643 1207 2716 ἀνατρέπεται
1240 2643 1321 2715 τῷ
1377 2643 1544 2714 λόγῳ.
1581 2644 1645 2697 EE
1685 2644 1742 2698 δὲ

18 2728 133 2783 καὶ
182 2729 395 2802 ταύτην
436 2731 798 2786 ἐπιλύσασθαι
842 2733 944 2798 δεῖ,
1016 2735 1194 2787 ἐκεῖνο
1252 2734 1320 2788 ἂν
1368 2733 1615 2804 εἴποιμι,
1661 2726 1742 2787 ὄτι

18 2817 135 2889 οὐχ
169 2817 258 2871 ἓν).
296 2820 486 2891 τρόπῳ
516 2819 584 2873 τά
626 2820 750 2874 καθ’
788 2823 937 2892 ἡμᾶς
965 2822 1275 2891 οἰκονομεῖν
1309 2823 1336 2875 0
1365 2820 1497 2885 Θεὸς
1526 2820 1740 2888 εἴωθεν,

20 2906 159 2960 ἀλλ’
204 2904 441 2981 εὔπορος
493 2907 569 2961 ὢν
618 2909 822 2974 πολλάς
869 2912 1001 2982 ἡμῖν
1050 2911 1241 2981 τέμνει
1294 2910 1395 2974 τὰς
1446 2911 1586 2983 πρὸς
1638 2927 1745 2964 σω-

16 2996 244 3069 τηρίαν
288 2997 460 3061 ὁδούς.
500 2999 721 3071 Ἐπειδὴ
763 2999 874 3071 γὰρ
909 2998 1096 3055 πολλοὶ
1145 2999 1238 3053 τὸν
1286 3001 1415 3072 περὶ
1454 3000 1565 3053 τῶν
1607 2998 1738 3071 μελ-

18 3086 247 3139 λόντων
284 3085 377 3139 καὶ
432 3086 531 3157 τῆς
573 3087 926 3152 ἀναστάσεως
979 3088 1081 3141 οὐκ
1143 3088 1429 3158 ἀνέχονται
1480 3086 1739 3153 δέξασθαι

19 3174 223 3242 λόγον,
251 3174 342 3227 διά
370 3174 528 3229 τοῦτο
554 3178 612 3229 ἐν
666 3176 860 3249 βραχεῖ
898 3178 1000 3248 τῆς
1031 3175 1268 3247 κρίσεως
1294 3174 1395 3245 τὴν
1429 3176 1616 3230 είκόνα
1657 3180 1744 3230 ἐν-

24 3264 165 3317 θάδε
217 3262 514 3329 δείκνυσιν,
557 3264 685 3319 ὅταν
720 3263 924 3337 κολάζῃ
968 3264 1067 3336 μὲν
1101 3265 1229 3331 τοὺς
1256 3267 1551 3336 πονηροὺς,
1580 3267 1741 3338 εὐερο

20 3356 173 3426 γέτῇ
209 3353 267 3406 δὲ
296 3355 423 3418 τοὺς
451 3356 745 3428 χρηστούς.
777 3355 950 3410 Τοῦτο
981 3356 1092 3427 γάρ
1121 3354 1425 3427 ὁλοσχερῶς
1459 3356 1557 3427 μὲν
1588 3357 1645 3410 ἐν
1671 3359 1739 3430 τῇ

21 3449 226 3521 κρίσει
270 3448 503 3518 γίνεται,
547 3454 612 3503 ἐκ
649 3450 850 3522 μέρους
893 3450 951 3504 δὲ
987 3449 1083 3503 καὶ
1132 3448 1368 3503 ἐνταῦθα
1410 3448 1527 3516 νῦν,
1567 3451 1656 3505 ἵνα
1689 3456 1739 3507 οί

21 3542 180 3614 πρὸς
228 3543 321 3596 τὸν
353 3545 563 3618 μακρὸν
616 3546 826 3598 ἐκεῖνον
871 3542 1333 3606 ἀναπεπτωκότες
1380 3542 1569 3614 χρόνον
1626 3547 1740 3610 τοῖς

20 3636 172 3704 γοῦν
216 3638 275 3690 ἐν
304 3638 379 3709 τῷ
410 3639 639 3710 παρόντι
669 3636 973 3711 δρωμένοις
1008 3636 1410 3709 ἐπιεικέστεροι
1438 3638 1732 3706 γένωνται.

20 3733 165 3785 Εἴτε
218 3733 328 3804 γάρ
360 3731 547 3803 μηδεὶς
586 3734 727 3796 ὅλως
773 3730 1064 3796 ἐκολάζετο
1116 3730 1226 3784 τῶν
1266 3730 1545 3803 πονηρῶν,
1602 3733 1738 3805 μηδέ

22 3826 275 3897 ἐτιμᾶτο
319 3824 429 3881 τῶν
478 3825 755 3899 χρηστῶν,
804 3825 992 3878 πολλοὶ
1024 3824 1132 3879 τῶν
1180 3825 1612 3881 διαπιστούντων
1659 3826 1739 3899 τῷ

20 3916 131 3987 τῆς
159 3914 517 3978 ἀναστάσεως
555 3915 698 3985 λόγῳ
722 3913 820 3986 τὴν
859 3914 959 3985 μὲν
993 3914 1195 3986 ἀρετὴν
1228 3914 1306 3977 ὡς
1335 3914 1524 3969 κακῶν
1555 3916 1738 3969 αἰτίαν

22 4006 297 4077 ἔφευγον,
322 4005 421 4077 τὴν
454 4006 512 4059 δὲ
542 4004 808 4076 πονηρίαν
835 4004 911 4069 ὡς
939 4004 1161 4073 ἀγαθῶν
1190 4004 1452 4076 πρόξενον
1479 4006 1732 4060 ἐδίωκον⁸

22 4100 143 4151 είτε
206 4094 370 4166 πάλιν
417 4097 653 4151 ἐνταῦθα
690 4096 753 4151 τὸ
804 4097 927 4151 κατ’
976 4094 1135 4162 ἀξίαν
1195 4096 1437 4161 ἅπαντες
1481 4096 1737 4170 ἀπελάμ-

23 4191 228 4250 ϐανον,
272 4186 526 4257 περιττὸν
569 4186 636 4239 ἂν
680 4186 960 4257 ἡγήσαντο
987 4180 1125 4239 εἶναι
1178 4186 1468 4257 καὶψευδῆ
1498 4186 1590 4239 τὸν
1635 4190 1738 4260 τῆς

23 4274 282 4347 κρίσεως
324 4272 499 4343 λόγον.
535 4274 630 4327 Ἴν’
656 4269 750 4327 οὖν
794 4276 929 4345 μήτε
977 4266 1133 4335 οὗτος
1172 4272 1547 4346 διαπιστῆται,
1596 4281 1735 4347 μήτε

21 4366 50 4416 0
94 4362 280 4424 πολὺς
321 4362 413 4416 καὶ
460 4363 678 4434 χυδαῑος
729 4362 856 4427 λαὸς
890 4362 1223 4436 φαυλότερος
1278 4364 1500 4435 γίνηται
1559 4382 1734 4421 κατα-

23 4452 280 4526 φρονῶν,
331 4452 689 4525 ἐπεξέρχεται
730 4453 823 4506 καὶ
876 4452 1113 4506 ἐνταῦθα
1160 4451 1271 4509 τῶν
1307 4454 1733 4526 ἁμαρτανόντων

22 4545 293 4610 πολλοὺς,
341 4544 438 4598 καὶ
492 4542 784 4615 ἀμείϐεται
818 4540 928 4595 τῶν
973 4540 1390 4614 κατορθούντων
1422 4544 1620 4608 ἐνίους,
1652 4544 1733 4617 τῷ

25 4636 132 4707 μὲν
174 4633 253 4705 μὴ
296 4635 373 4697 εἰς
420 4633 628 4695 πάντας
666 4630 827 4685 τοῦτο
862 4634 1057 4694 ποιεῖν,
1097 4631 1189 4685 τὸν
1230 4631 1334 4703 τῆς
1367 4633 1602 4703 κρίσεως
1640 4650 1733 4687 πι-

26 4726 338 4796 στούμενος
370 4723 546 4793 λόγον,
576 4722 654 4795 τῷ
682 4723 740 4777 δὲ
772 4722 869 4776 καὶ
910 4722 1017 4796 πρὸ
1062 4722 1164 4793 τῆς
1206 4722 1444 4795 κρίσεως
1480 4723 1732 4790 κολάζειν

18 4816 211 4880 τινάς,
258 4816 386 4878 τοὺς
425 4814 591 4867 πολὺν
634 4810 802 4865 ὕπνον
842 4810 1204 4875 καθεύδοντας
1232 4813 1557 4886 διεγείρων.
1598 4816 1732 4871 Ἀπὸ

22 4910 131 4979 μὲν
189 4905 295 4978 γάρ
334 4904 428 4959 τοῦ
465 4900 828 4975 τιμωρεῖσθαι
870 4900 995 4964 τοὺς
1036 4900 1313 4971 πονηροὺς
1356 4901 1731 4959 διανίστανται

21 4995 224 5051 πολλοὶ
251 4993 329 5065 τῷ
360 4994 510 5066 φόϐῳ
541 4993 635 5047 τοῦ
670 4991 745 5063 μὴ
770 4990 839 5045 τὰ
865 4989 1006 5044 αὐτὰ
1046 4989 1240 5044 παθεῖν
1260 5007 1273 5022 ·
1303 4991 1413 5045 ἀπὸ
1440 4992 1499 5046 δέ
1522 4992 1618 5046 τοῦ
1653 4994 1730 5067 μὴ

19 5088 247 5149 πάντας
278 5084 511 5145 ἐνταῦθα
549 5084 621 5138 τά
652 5086 773 5138 κατ’
802 5079 958 5145 ἀξίαν
989 5080 1288 5136 ἀπολαϐεῖν
1320 5083 1731 5153 ἀναγκάζονται

19 5174 351 5245 λογίζεσθαι
378 5176 459 5229 ὃτι
498 5176 579 5239 είς
609 5172 796 5245 ἕτερόν
827 5190 949 5226 τινα
996 5170 1155 5225 τοῦτο
1198 5172 1555 5243 τεταμίευται
1605 5191 1731 5228 και-

24 5268 149 5339 ρον.

98 5407 181 5461 θ’)
222 5399 331 5476 γάρ
374 5402 440 5458 ἂν
490 5403 664 5477 δήπου
708 5403 916 5468 δίκαιος
960 5402 1037 5457 ὢν
1078 5404 1107 5457 0
1142 5402 1276 5468 Θεὸς
1320 5404 1559 5477 περιεῖδε
1604 5423 1731 5460 τοσο

20 5500 228 5560 ούτους
274 5498 370 5549 κα)⁸
402 5494 509 5549 τῶν
559 5494 746 5548 κακῶν
796 5497 1182 5568 ἀτιμωρήτους
1224 5494 1591 5561 ἀπελθόντας,
1634 5499 1729 5551 καὶ

19 5589 141 5644 τῶν
182 5586 407 5654 ἀγαθῶν
452 5588 667 5659 μυρίοις
708 5587 1071 5653 κολασθέντας
1103 5588 1321 5653 δεινοῖς,
1354 5589 1405 5642 εί
1443 5588 1519 5661 μὴ
1559 5590 1727 5661 ἀλλην

19 5680 155 5737 τινά
214 5678 410 5742 αἰῶνος
458 5680 742 5752 ἑκατέροις
787 5682 1193 5751 παρεσκευάκει
1231 5683 1590 5737 κατάστασιν.
1636 5684 1727 5736 Διὸ

90 5900 116 5929 ⁸
144 5895 239 5950 Καὶ
263 5896 574 5961 βραδυτέρους
596 5897 733 5947 dces!
767 5896 814 5949 in
842 5895 988 5949 Smil.
1029 5904 1078 5951 cl
1102 5895 1236 5951 llolb.

971 402 1063 452 AD
1112 391 1487 454 STAGIRIUM
1522 395 1569 455 Α
1606 396 1915 455 ῡίΕΜΟΝΕ
1957 395 2324 456 VEXATUM.
2357 398 2487 455 LIB.
2528 399 2590 456 l.'

3434 395 3541 454 ιιι

1849 515 1911 569 οὐ
1964 517 2194 580 πάντας,
2235 516 2350 570 ἀλλ’
2392 516 2571 581 ἐνίους
2617 514 2836 582 κολάζει
2868 516 2963 570 καὶ
2998 515 3158 587 τιμᾷ,
3205 513 3398 587 ὥσπερ
3441 514 3540 570 ἐπὶ

1845 607 1941 661 τοῦ
1973 608 2206 681 Πέρσου,
2232 608 2424 682 ῶσπερ
2453 610 2547 663 ἐπὶ
2575 609 2668 664 τοῦ
2711 608 2984 676 Ἐζεκίου*
3016 611 3191 664 καίτοι
3225 608 3412 662 πολλοὶ
3441 609 3539 664 καὶ

1845 705 1924 777 τῷ
1960 706 2229 779 Ἀσσυρίῳ
2273 706 2561 776 γεγόνασιν
2599 707 2660 774 ἐξ
2694 710 2818 779 ίσης
2852 709 3092 773 ἀσεϐεῖς,
3136 709 3231 762 καὶ
3271 708 3413 762 κατά
3442 707 3537 761 τὸν

1858 795 2107 861 Ἑζεκίαν
2154 796 2422 868 ἐνάρετοι,
2475 798 2592 853 ἀλλ’
2639 801 2741 853 οὐκ
2798 802 2895 853 ἐπὶ
2954 799 3177 854 πάντων
3228 798 3392 854 τοῦτο
3438 813 3539 851 πε-

1822 891 2070 962 ποίηκε·
2099 893 2158 946 τὸ
2192 895 2249 947 δέ
2278 894 2473 959 αἴτιον,
2499 897 2639 968 ὅπερ
2681 895 2840 968 ἔφην,
2874 896 2993 949 ἐστὶ
3030 895 3089 949 τὸ
3126 894 3354 966 μηδέπω
3393 911 3537 966 παρ-

1847 992 1985 1042 εῖναι
2033 990 2133 1061 τῆς
2175 992 2408 1062 κρίσεως
2445 992 2537 1047 τὸν
2572 994 2785 1065 καιρόν.
2820 990 2925 1047 Καὶ
2952 994 3033 1046 ὅτι
3070 993 3172 1045 οὐκ
3200 993 3333 1063 ἐμὸς
3378 983 3536 1055 οὗτος

1845 1088 1874 1139 0
1912 1086 2090 1155 λόγος,
2132 1090 2298 1144 αὐτοῦ
2335 1090 2431 1145 τοῦ
2462 1091 2667 1164 κρίνειν
2704 1092 2853 1163 ἡμᾶς
2880 1091 3003 1145 τότε
3052 1091 3338 1163 μέλλοντος
3378 1090 3537 1145 ἀκου-

1848 1202 1961 1240 σον.
2004 1186 2221 1260 Ἐπειδὴ
2249 1187 2358 1261 γάρ
2391 1187 2701 1261 προσῆλθον
2734 1189 2885 1262 αὐτῷ
2912 1191 2960 1242 οἱ
2990 1189 3090 1261 τὴν
3120 1186 3384 1261 τελευτὴν
3423 1186 3536 1241 τῶν

1846 1281 1953 1337 ὑπὸ
1990 1283 2085 1337 τοῦ
2132 1285 2343 1358 πύργου
2392 1286 2859 1358 καταχωσθέντων
2892 1288 2985 1341 καὶ
3019 1285 3117 1358 τὴν
3160 1286 3255 1340 τοῦ
3297 1285 3534 1340 Πιλάτου

1850 1387 2046 1458 μανίαν
2080 1390 2546 1459 ἀπαγγέλλοντες,
2578 1390 2647 1463 ἢν
2689 1392 2768 1454 είς
2800 1392 2927 1453 τοὺς
2966 1388 3364 1457 τελευτηκότας
3433 1390 3537 1442 ἐπ-

1848 1484 2106 1552 εδείξατο.
2133 1490 2253 1551 ταῖς
2281 1487 2496 1551 θυσίαις
2520 1487 2700 1542 αὐτῶν
2722 1485 2997 1558 ἀναμίξας
3024 1486 3086 1540 τὸ
3102 1481 3261 1557 αἷμα,
3280 1486 3333 1538 τί
3365 1501 3533 1556 φησις

1847 1585 2080 1641 Δοκεῖτε
2127 1587 2218 1642 ὅτι
2268 1592 2323 1643 οι
2377 1587 2687 1642 Γαλιλαῖοι
2746 1584 2915 1645 οὗτοι
2970 1587 3308 1658 ἁμαρτωλοί
3354 1586 3537 1656 ’παρὰ
3580 1570 3583 1573 ’

1847 1686 2081 1752 πάντας
2150 1686 2295 1753 τοὺς
2348 1687 2720 1753 Γαλιλαίους
2783 1682 3091 1756 ἐγένονέτο,
3151 1684 3241 1739 ὅτι
3291 1683 3537 1739 τοιαῦτα

1848 1782 2254 1848 πεπόνθασιν;
2292 1783 2469 1853 Οὐχὶ,
2506 1783 2664 1853 λέγω
2706 1782 2871 1853 ὑμῖν,
2904 1784 3044 1838 ἀλλ’
3082 1783 3193 1837 ἐὰν
3234 1780 3320 1851 μὴ
3356 1798 3537 1850 μετα-

1845 1874 2145 1945 νοήσητε,
2196 1876 2420 1945 πάντες
2464 1879 2681 1949 ὁμοίως
2717 1878 3065 1933 ἀπολεῖσθε.
3120 1877 3186 1933 Ἠ
3219 1875 3435 1930 ἐκεῖνοι
3480 1879 3536 1929 σί

1845 1972 1993 2029 δέκα
2037 1974 2137 2029 καὶ
2186 1974 2362 2044 ὀκτὼ,
2402 1976 2497 2046 ἐφ’
2546 1976 2655 2044 οὓς
2701 1978 2930 2031 ἔπεσεν
2984 1980 3017 2031 ό
3066 1978 3295 2047 πύργος
3340 1974 3412 2027 ἐν
3454 1972 3536 2040 τῷ

1846 2077 2083 2148 Σιλωὰμ
2122 2079 2222 2132 καί
2256 2079 2613 2134 ἀπέκτεινεν
2664 2080 2911 2147 αὐτοὺς,
2956 2079 3187 2135 δοκεῖτε
3226 2078 3315 2132 ὅτι
3359 2077 3533 2133 αὐτοὶ

1846 2174 2152 2245 ὀφειλέται
2186 2174 2469 2245 ἐγένοντο
2501 2177 2665 2248 παρὰ
2714 2176 2945 2244 πάντας
2990 2176 3131 2243 τοὺς
3177 2174 3534 2231 κατοικοῦν-

1846 2292 1951 2343 τας
1987 2274 2139 2349 [175]
2177 2277 2610 2349 ’[ερουσαλήμ;
2651 2279 2820 2349 Οὐχὶ,
2851 2278 3006 2349 λέγω
3038 2277 3203 2349 ὑμῖν,
3233 2277 3373 2332 ἀλλ’
3424 2276 3537 2333 ἐὰν

1838 2371 1925 2440 μὴ
1952 2372 2392 2443 μετανοήσητε,
2428 2372 2657 2442 πάντες
2684 2376 2973 2442 ὡσαύτως
3002 2374 3351 2430 ἀπολεῖσθε.
3383 2372 3533 2447 Αὕτη

1844 2476 1943 2547 τῆς
1969 2476 2239 2547 ἀναϐολῆς
2264 2480 2296 2549 ἡ
2334 2478 2504 2532 αίτία.
2533 2478 2635 2532 Διά
2664 2461 2823 2533 τούτο
2844 2479 2968 2543 τοὺς
2996 2477 3105 2534 τῶν
3133 2476 3316 2532 αὐτῶν
3352 2477 3536 2543 ἀξίους

1843 2581 1943 2652 οὐχ
1999 2579 2137 2652 ὁμοῦ
2186 2582 2397 2646 πάντας
2443 2581 2695 2647 κολάζειν
2734 2582 2947 2651 εἴωθεν,
3000 2584 3088 2638 ἵνα
3128 2585 3175 2637 οί
3220 2583 3536 2655 λειπόμενοι

1845 2683 2089 2755 βελτίους
2123 2687 2246 2749 ταῖς
2283 2685 2510 2739 ἐκείνων
2550 2658 2818 2754 γένωνται
2849 2688 3181 2758 συμφοραῖς.
3218 2686 3331 2740 Καὶ
3361 2686 3535 2740 ταῦτα

1848 2784 1946 2855 μὲν
1985 2786 2116 2855 ἡμῖν
2167 2783 2341 2850 οὕτως
2390 2785 2751 2842 ἐπιλελύσθω.
2793 2787 2865 2840 Συ
2908 2787 2967 2841 δέ
3016 2788 3149 2851 ίσως
3194 2787 3291 2841 καὶ
3324 2787 3394 2841 τά
3440 2787 3536 2843 νῦν

1844 2881 2214 2954 προτιθέμενα
2259 2883 2467 2954 ζητεῖς,
2496 2882 2533 2937 ά
2566 2883 2749 2957 πολλῷ
2775 2884 2982 2940 τούτων
3010 2887 3156 2939 ἐστὶν
3183 2883 3532 2958 ἀπορώτερα.

1848 2981 1995 3052 Πλὴν
2037 2981 2176 3035 ἀλλά
2214 2982 2421 3036 τούτων
2455 2986 2589 3056 ἡμῖν
2629 2985 2773 3038 κατά
2802 2983 3035 3057 δύναμιν
3082 2986 3395 3055 γενομένων
3431 3002 3537 3056 φαρ-

1845 3084 2040 3153 νερῶν,
2075 3087 2169 3140 καὶ
2197 3087 2297 3157 τῆς
2326 3086 2553 3141 ἐκείνων
2580 3086 2789 3152 λύσεως
2832 3083 2989 3159 οἶμαί
3017 3105 3142 3141 τινα
3192 3087 3538 3160 προκαταϐε-

1846 3185 2103 3259 ϐλῆσθαι
2127 3187 2217 3242 δια
2241 3188 2450 3243 τούτων
2476 3190 2677 3262 ἀρχήν.
2876 3175 2883 3182 ’

1915 3344 1980 3398 Τί
2020 3339 2113 3399 οὖν
2142 3345 2291 3398 ἐστιν
2328 3344 2464 3417 ὅπερ
2526 3345 2787 3417 ἀπορεῖς;
2837 3344 2963 3399 Ὅτι
3010 3345 3201 3400 πολλοὶ
3249 3346 3415 3421 μέχρι
3445 3364 3539 3403 τεο

1842 3448 2038 3521 λευτῆς
2097 3450 2163 3503 ἐκ
2221 3447 2447 3529 πρώτης
2517 3448 2735 3519 ἡλικίας
2793 3448 3016 3514 πολλαῖς
3081 3450 3537 3522 προσεπάλαισαν

1844 3551 2173 3623 συμφοραῖς.
2208 3551 2351 3621 Ἐγὼ
2393 3550 2451 3605 δὲ
2493 3552 2589 3606 καὶ
2640 3552 2771 3624 περὶ
2817 3551 3026 3608 τούτων
3091 3554 3303 3624 εἴποιμι
3344 3553 3410 3607 ἂν
3432 3555 3539 3609 καὶ

1841 3654 1972 3723 περὶ
1999 3652 2109 3707 τῶν
2149 3654 2453 3728 προτέρων,
2491 3654 2573 3707 ὃτι
2607 3654 3037 3726 προηγουμένως
3072 3654 3171 3727 μὲν
3208 3654 3298 3708 διά
3336 3654 3435 3727 τὴν
3465 3657 3539 3709 oi-

1841 3754 1997 3809 κείαν
2047 3756 2244 3820 αὐτοὺς
2305 3756 2523 3822 κολάζει
2583 3757 2881 3829 πονηρίαν·
2931 3756 3124 3810 ἔπειτα
3173 3755 3229 3810 δὲ
3286 3757 3375 3810 ἵνα
3440 3757 3535 3811 καὶ

1840 3856 2018 3928 ἐτεροι
2048 3857 2378 3931 κερδάνωσιν
2409 3858 2472 3911 ἐκ
2502 3857 2608 3911 τῶν
2643 3858 2851 3923 τούτοις
2888 3858 3291 3931 συμϐαινόντων
3325 3859 3532 3916 κακῶν.

1840 3960 1903 4012 Εἰ
1937 3958 1994 4012 δὲ
2044 3959 2119 4031 μὴ
2150 3959 2243 4012 ἐπὶ
2280 3958 2499 4014 πάντων
2532 3959 2691 4013 τοῦτο
2718 3958 2949 4029 γίνεται,
2980 3958 3133 4014 οὔπω
3164 3960 3264 4032 τῆς
3298 3961 3536 4031 κρίσεως

1838 4060 1867 4113 0
1901 4062 2115 4131 καιρός.
2154 4060 2217 4113 Τί
2258 4056 2373 4126 οὖν,
2410 4061 2598 4132 φησὶν,
2630 4061 2760 4115 ὅταν
2797 4062 2929 4133 πρὶν
2974 4062 3147 4115 ἐλθεῖν
3177 4064 3256 4126 εἰς
3287 4062 3385 4134 τὴν
3416 4063 3535 4135 ηλι-

1839 4163 1965 4219 κίαν
1989 4162 2089 4236 τὴν
2122 4162 2522 4234 διαγνωστικὴν
2556 4163 2664 4217 τῶν
2690 4161 2867 4216 καλῶν
2892 4165 2988 4217 καὶ
3020 4162 3129 4217 τῶν
3156 4164 3217 4217 οὐ
3249 4163 3531 4228 τοιούτων,

1836 4264 1913 4329 ὡς
1960 4264 2175 4338 μεγάλα
2222 4264 2551 4336 ἠδικηκότες
2589 4265 2733 4328 τινὲς
2782 4265 3139 4331 κολάζονταις
3183 4265 3387 4319 Τούτου
3432 4266 3533 4336 μέν

1837 4366 1900 4419 οὐ
1937 4366 2037 4437 μία
2068 4364 2153 4429 τίς
2186 4366 2336 4419 ἐστιν
2372 4365 2544 4431 αἰτία,
2578 4364 2718 4418 ἀλλά
2751 4365 2947 4420 πολλαὶ
2988 4366 3083 4419 καὶ
3122 4366 3392 4438 διάφοροι.
3424 4366 3533 4418 Καὶ

1837 4472 1948 4543 γὰρ
1976 4471 2127 4543 παρὰ
2175 4470 2271 4543 τὴν
2299 4470 2409 4524 τῶν
2449 4470 2871 4542 γεννησαμένων
2907 4472 3209 4543 ἀκρασίαν,
3247 4469 3341 4523 καὶ
3380 4469 3534 4542 παρὰ

1836 4579 1936 4652 τὴν
1968 4580 2078 4633 τῶν
2112 4578 2427 4651 θρεψάντων
2451 4578 2755 4652 ρᾳθυμίαν,
2783 4580 2879 4632 καὶ
2911 4579 3063 4651 παρά
3090 4578 3190 4650 τὴν
3213 4578 3322 4631 τῶν
3350 4577 3532 4647 ἀέρων

1838 4683 2157 4753 ἀνωμαλίαν
2182 4725 2197 4748 ,
2249 4683 2346 4737 καὶ
2384 4682 2535 4753 παρά
2571 4682 2743 4736 πολλά
2786 4682 2949 4757 ἐτερα
2994 4680 3226 4735 τοιαῦτα
3270 4678 3533 4752 συμπτώ-

1840 4802 1988 4856 ματα
2018 4786 2177 4839 τοῦτο
2217 4785 2414 4855 γένοιτ’
2452 4785 2539 4840 ἀν.
2575 4785 2719 4857 Πρὸς
2747 4784 2803 4838 δὲ
2833 4782 3049 4847 τούτοις
3083 4782 3315 4847 πολλοὺς
3350 4780 3534 4835 αὐτῶν

1834 4882 1976 4946 οἶδεν
2000 4892 2029 4943 0
2050 4890 2183 4955 Θεὸς
2207 4889 2500 4961 ἐσομένους
2524 4889 2825 4961 πονηρούς·
2851 4884 2972 4942 εἶτα
2990 4887 3181 4959 ὥσπερ
3204 4888 3319 4940 τισὶ
3344 4886 3542 4950 πέδαις,

1835 4988 2167 5060 προκατέχει
2193 4990 2315 5051 ταῖς
2343 4987 2639 5059 τιμωρίαις
2673 4986 2900 5051 ταύταις
2929 4985 3149 5050 αὐτούς.
3174 4986 3245 5040 Ἦ
3270 4986 3369 5055 οὐχ
3398 4988 3545 5058 ὁρᾷς.

1835 5089 1930 5142 καὶ
1958 5087 2067 5141 τῶν
2106 5087 2348 5141 ἐπαιτῶν
2381 5086 2611 5149 πολλοὺς
2642 5087 2738 5140 καὶ
2773 5088 2830 5139 ἐν
2868 5087 3006 5156 αὐτῇ
3036 5089 3102 5157 τῇ
3151 5085 3330 5155 θλίψει
3360 5087 3532 5157 μυρία

1834 5186 2240 5260 ἐργαζομένους
2283 5185 2453 5252 δεινά,
2484 5187 2543 5239 οὐ
2577 5184 2665 5239 διὰ
2691 5186 2791 5256 τὴν
2820 5182 3020 5253 θλῖψιν,
3049 5183 3172 5237 οὐδὲ
3201 5181 3291 5236 διὰ
3328 5183 3418 5237 τὸν
3452 5183 3532 5236 λι-

1837 5287 1960 5359 μὸν,
2001 5285 2140 5340 ἀλλά
2171 5286 2261 5340 διά
2296 5286 2396 5357 τὴν
2428 5285 2639 5339 οἰκείαν
2679 5285 2946 5356 πονηρίαν
2980 5281 3179 5354 μόνον;
3224 5280 3367 5351 Ἐγὼ
3418 5281 3531 5355 γάρ

1833 5384 2046 5457 ἤκουσά
2068 5403 2229 5439 τινων
2255 5384 2522 5453 λεγόντων
2553 5384 2705 5449 ποτὲ,
2731 5383 2813 5437 ὃτι
2840 5384 3077 5451 γυναῖκα
3112 5379 3406 5453 ἐλευθέραν
3435 5379 3531 5434 καὶ

1834 5482 2069 5555 κοσμίαν
2130 5484 2500 5547 ἀπολαϐόντες
2561 5482 2646 5535 ἐπ’
2694 5480 2934 5555 ἐρημίας
2979 5480 3295 5552 ἐνύϐρισαν.
3333 5477 3534 5533 Καίτοι

1833 5583 1994 5646 ποίας
2039 5581 2198 5637 τοῦτο
2226 5580 2495 5653 ἀνάγκης,
2534 5580 2695 5645 ποίας
2732 5580 2967 5650 θλίψεως
3006 5580 3203 5652 έργον;
3248 5578 3313 5631 Τί
3343 5577 3401 5631 δὲ
3429 5577 3532 5629 οὐκ

1830 5684 1897 5739 ἂν
1944 5684 2191 5757 ἔπραξαν
2238 5677 2385 5737 οὗτοι
2434 5682 2641 5748 δεινὸν,
2694 5682 2743 5733 εἰ
2799 5683 2875 5750 μὴ
2916 5677 3159 5748 τοσούτῳ
3212 5675 3531 5747 κατείχοντο

1830 5783 2050 5855 δεσμῷς
2087 5782 2210 5835 Τῶν
2239 5782 2296 5836 δὲ
2334 5781 2396 5835 τὸ
2436 5782 2813 5852 δεσμωτήριον
2849 5778 3145 5833 οἰκούντων
3187 5778 3288 5849 τὴν
3332 5774 3533 5846 μανίαν

1837 5885 1929 5939 καὶ
1978 5884 2072 5952 τὴν
2108 5883 2306 5938 λύτταν
2346 5884 2423 5948 τίς
2464 5882 2527 5937 ἂν
2565 5882 2775 5952 ἐνέγκοι
2812 5879 3045 5952 ρξδὲωκ
3097 5878 3207 5933 Καὶ
3239 5877 3286 5931 (⁸
3330 5875 3542 5948 δαιμοα
