4264 6312
697 309 804 364 διε

694 427 896 490 νῶντες
926 425 983 480 δέ
1021 424 1122 480 οὐκ
1158 423 1417 480 ἔλάττονα
1456 423 1664 478 τούτων
1714 424 2063 496 ἐργάζονται.
2111 426 2186 484 υύ
2233 425 2377 495 λέγω

694 511 890 579 ταῦτα,
921 513 1066 584 άπερ
1100 514 1242 568 κατά
1285 513 1376 568 τδν
1414 513 1603 583 καιρὸν
1643 512 1749 582 τῆς
1780 513 1876 566 τοῦ
1915 513 2166 584 δαίμονος
2198 513 2376 584 πράτ-

695 617 847 656 τουσι
903 601 1142 674 κατοχῆς
1169 643 1183 666 ,
1237 601 1374 657 ἀλλά
1412 601 1483 655 τά
1543 601 1682 672 μετά
1731 601 1908 657 ταῦτα
1963 602 2065 672 τῆς
2116 599 2377 672 βακχείας

697 690 1054 762 παυσαμένης
1093 690 1326 762 ἐκείνης.
1373 690 1483 744 Καὶ
1520 689 1629 760 γὰρ
1677 688 2070 762 ἀδδηφαγοῦσι,
2104 688 2201 743 καὶ
2251 689 2376 742 κλέ-

693 795 895 834 πτουσι
921 819 936 841 .
967 780 1062 833 καὶ
1121 778 1410 849 μεθύουσι,
1447 777 1542 832 καὶ
1577 776 1756 848 πολλῷ
1800 777 2006 831 τούτων
2043 776 2377 848 αίσχρότερα

696 866 1015 937 πράττουσι.
1049 860 1317 940 Καθάπερ
1347 861 1571 920 οὖνηέπὶ
1620 864 1728 918 τῶν
1759 865 2084 937 κακούργων
2115 866 2241 929 τοὺς
2277 867 2376 936 μὲν

697 954 921 1017 πολλοὺς
945 954 1425 1026 ἀφίησινμέπιπολῦ
1449 953 1477 994 ι
1505 954 1567 1006 τὸ
1591 953 1962 1025 δεσμωτήριον
1993 955 2161 1008 οἰκεῖν
2191 955 2219 1008 0
2252 971 2374 1026 κρι-

694 1045 815 1113 τής,
850 1043 926 1107 ὼς
967 1046 1061 1098 καὶ
1092 1045 1207 1097 ἐκεῖ
1239 1041 1542 1097 καταλῦσαι
1572 1042 1662 1096 τὸν
1691 1040 1804 1113 βίον
1839 1041 2122 1107 πολλάκις,
2155 1044 2284 1096 ὅταν
2318 1040 2377 1097 δέ

691 1144 842 1193 τινας
867 1129 975 1184 τῶν
997 1129 1205 1183 πολλῶν
1228 1130 1541 1200 νουθετῆσαι
1574 1127 1855 1200 βούληται,
1883 1129 1982 1184 ἔνα
2005 1146 2110 1183 που
2137 1129 2230 1184 καὶ
2254 1129 2378 1183 δεύ-

691 1233 850 1288 τερον
897 1217 956 1284 ἐξ
1005 1216 1231 1273 ἐκείνων
1260 1214 1473 1281 λαϐὼν,
1516 1218 1612 1272 καὶ⁵
1647 1217 1732 1287 ἐφ’
1762 1216 1969 1288 ὑψηλοῦ
2011 1215 2244 1282 καθίσας
2277 1214 2374 1270 τοῦ

693 1303 937 1378 βήματος
960 1346 974 1368 ,
1014 1306 1391 1379 περιεστώτων
1435 1305 1714 1370 ἀπάντων,
1742 1305 1919 1368 οὕτως
1956 1304 2118 1359 αὐτὸν
2163 1303 2376 1358 κελεύει

690 1396 791 1463 τὴν
828 1395 920 1447 ἐπὶ
954 1395 1183 1449 θάνατον
1208 1393 1455 1462 ἄγεσθαι,
1480 1396 1575 1448 καὶ
1601 1395 1664 1447 οὐ
1698 1393 1926 1448 πάντων
1940 1392 2089 1463 αὐτῷ
2119 1393 2254 1464 πρὸς
2282 1393 2376 1446 τὸν

639 1477 642 1479 ’
691 1479 801 1534 τῶν
830 1481 1030 1536 λοιπῶν
1061 1483 1226 1550 φόϐον
1251 1481 1407 1552 χρεία
1430 1481 1538 1535 τῶν
1565 1480 1818 1552 πονηρῶν
1835 1497 1848 1511 ο
1873 1479 2016 1535 οὕτω
2041 1479 2232 1552 καὶτῷ
2255 1479 2376 1551 Θεῷ

690 1569 754 1621 οὐ
781 1569 999 1624 πάντων
1039 1569 1146 1625 τῶν
1190 1569 1503 1641 μοχθηρῶν,
1536 1570 1663 1623 ὅταν
1702 1571 1849 1640 ήμάς
1880 1568 2213 1640 σωφρονίσαι
2248 1567 2376 1638 βού-

691 1655 874 1728 ληται,
910 1657 1009 1721 δεῖ,
1042 1657 1155 1711 ἀλλ’
1181 1656 1356 1720 ἐνίους
1401 1657 1461 1724 ἐξ
1502 1657 1681 1714 αὐτῶν
1726 1654 2053 1724 ἀπολαϐὼν,
2095 1655 2189 1719 οὒς
2236 1651 2375 1710 οἶδεν

691 1743 1033 1816 ἀδιορθώτως
1061 1744 1318 1816 ἔχοντας,
1359 1744 1696 1798 ἐνδείκνυται
1735 1745 1832 1816 τὴν
1863 1743 2094 1814 δύναμιν
2139 1743 2234 1797 καὶ
2275 1745 2374 1814 τὴν

691 1832 892 1910 ὀργὴν,
931 1831 1083 1906 [176]
1124 1831 1297 1886 πολλά
1326 1835 1390 1886 ἐκ
1435 1831 1625 1886 τούτου
1668 1830 1968 1903 κατορθῶν.
2005 1831 2143 1894 Τούς
2173 1847 2233 1882 τε
2265 1830 2375 1902 γάρ

693 1920 963 1992 πονηροὺς
1009 1919 1182 1984 οὕτως
1231 1922 1323 1973 ἐπὶ
1370 1919 1469 1991 τὴν
1508 1917 1813 1990 μεταϐολὴν
1858 1919 1960 1990 τῆς
2005 1917 2292 1989 πονηρίας,
2327 1920 2376 1972 εί

693 2008 986 2080 βούλοιντο,
1004 2009 1331 2080 παρακαλεῖ,
1346 2009 1471 2073 τούς
1493 2027 1551 2063 τε
1574 2008 1812 2078 ἀγαθοὺς
1834 2009 2376 2081 προσεκτικωτέρους

692 2101 1006 2173 ἐργάζεται,
1032 2104 1131 2173 τὴν
1160 2102 1216 2156 δὲ
1243 2103 1626 2174 μακροθυμίαν
1653 2100 2020 2155 ἐπιδείκνυται
2057 2100 2153 2172 τὴν
2183 2099 2373 2167 αὐτοῦ,

691 2191 787 2244 καὶ
807 2191 899 2243 τὸν
934 2191 1062 2260 περὶ
1089 2189 1189 2260 τῆς
1215 2191 1564 2252 ἀναστάσεως
1599 2189 1776 2257 λόγον,
1809 2189 1946 2261 ὅπερ
1975 2188 2145 2260 ἔφθην
2168 2188 2337 2242 εἰπὼν
2356 2228 2372 2254 ,

691 2280 862 2332 ἀπασι
907 2277 1191 2348 καθίστησι
1241 2277 1494 2348 φανερόν.
1543 2278 1608 2329 Τί
1651 2271 1744 2330 οὖν
1797 2275 1970 2330 ταῦτα
1998 2317 2011 2341 ,
2053 2277 2209 2348 φησὶ,
2239 2277 2377 2349 πρὸς

688 2367 816 2430 τοὺς
841 2369 904 2419 ὲν
945 2367 1250 2437 συμφοραῖς
1288 2356 1629 2435 ἆπασαν’την
1666 2363 1891 2436 πρώτην
1921 2364 2228 2436 τραφέντας
2263 2361 2379 2437 ήλι-

691 2452 846 2519 κίαν,
885 2453 975 2506 καὶ
1022 2453 1151 2524 πρὶν
1196 2452 1367 2505 ἐλθεῖν
1419 2452 1512 2506 ἐπὶ
1553 2452 1613 2506 τὸ
1664 2450 2046 2522 διαγινώσκειν
2092 2453 2296 2522 ἀγαθὸν
2341 2453 2375 2524 ἢ

693 2541 882 2609 κακὸν,
913 2541 1398 2607 ἀποπνεύσαντας;
1432 2539 1536 2593 Καὶ
1563 2539 1616 2593 τί
1645 2539 1952 2612 πάσχουσιν
1987 2532 2135 2593 οὗτοι
2180 2540 2374 2605 δεινὸν,

690 2629 812 2683 εἰπέ
857 2647 983 2700 μοι,
1030 2627 1182 2683 οῦπω
1223 2628 1322 2699 τὴν
1367 2627 1618 2699 αἴσθησιν
1666 2622 1741 2682 ῶν
1779 2627 2080 2699 πάσχουσιν
2121 2627 2374 2699 ἔχοντες,

690 2715 812 2769 οὐδέ
843 2715 904 2769 τὸ
925 2716 1208 2769 λυπεῖσθαι
1242 2716 1335 2768 καὶ
1363 2715 1574 2786 χαίρειν
1611 2707 2029 2786 μεμαθηκότες;
2060 2713 2201 2784 Ἐγὼ
2227 2714 2283 2768 δέ
2315 2716 2375 2767 οὐ

689 2803 866 2874 τούτῳ
901 2804 1061 2873 μόνον
1107 2803 1198 2856 τὸν
1231 2803 1386 2872 λόγον
1417 2801 1708 2873 ἔπιλύομαι
1748 2802 1973 2867 τοῦτον,
2017 2802 2133 2855 ἀλλ’
2171 2803 2253 2856 ὅτι
2285 2804 2378 2856 καὶ

693 2894 869 2959 γονεῖς
903 2892 998 2944 καὶ
1046 2891 1265 2960 ἀδελφοὶ
1289 2891 1383 2943 καὶ
1415 2893 1696 2959 συγγενεῖς
1720 2891 1785 2943 ἐκ
1812 2890 1919 2944 τῶν
1953 2889 2212 2944 τοιούτων
2238 2891 2377 2943 ἐσω-

691 2978 1055 3050 φρονίσθησαν
1080 2977 1399 3049 συμφορῶν⁹
1428 2977 1654 3031 τοῦτοδὲ
1684 2976 1872 3049 κέρδος
1886 2977 1947 3031 οὐ
1973 2977 2191 3048 μικρὸν,
2223 2977 2284 3042 ἐξ
2302 2971 2378 3032 ὧν

690 3070 878 3139 ἕτερος
910 3067 1160 3138 ήδίκηται
1214 3066 1389 3131 οὐδὲν,
1436 3064 1766 3134 ὠφελεῖσθαι
1805 3064 1875 3118 τὰ
1904 3064 2141 3138 μέγιστα
2169 3066 2377 3137 ἔτερον.

693 3156 852 3218 Εἰκὸς
881 3155 938 3208 δὲ
968 3157 1062 3209 καὶ
1091 3154 1254 3224 ἀλλην
1281 3153 1460 3208 αἰτίαν
1499 3153 1622 3207 τινά
1649 3152 1891 3224 ἄρρητον
1933 3150 2093 3221 εἶναι,
2129 3154 2276 3225 μόνῳ
2301 3151 2380 3224 τῷ

693 3246 982 3317 ποιήσαντι
1016 3244 1164 3314 ἡμᾶς
1197 3244 1459 3315 φανεράν.

763 3368 828 3422 θ’.
863 3361 956 3431 Εἷς
989 3366 1067 3420 ἔτι
1105 3365 1348 3420 λείπεται
1378 3365 1554 3436 λόγος,
1587 3364 1641 3419 τί
1665 3365 1863 3436 δήποτε
1891 3364 1941 3418 οί
1970 3363 2038 3420 τά
2066 3363 2202 3438 όρθά
2229 3363 2379 3436 βαδί-

693 3457 881 3520 ζοντες
913 3454 1020 3528 πρὸ
1053 3454 1162 3508 τῶν
1193 3455 1518 3525 πειρασμῶν
1552 3453 1691 3525 μετά
1716 3455 1844 3517 τοὺς
1873 3454 2214 3524 πειρασμούς
2245 3470 2380 3508 κατ-

696 3545 914 3597 έπεσον.
934 3544 1030 3607 Τίς
1057 3539 1151 3597 οὖν
1198 3544 1226 3596 0
1260 3543 1441 3606 καλῶς
1466 3544 1596 3606 τοὺς
1629 3542 1700 3595 τὰ
1731 3541 1868 3613 όρθά
1899 3540 2216 3612 βαδίζοντας
2255 3544 2381 3596 ἐπι-

696 3631 987 3701 στάμενος,
1015 3630 1156 3702 πλὴν
1186 3630 1281 3684 τοῦ
1321 3631 1628 3694 πλάσαντος
1659 3630 1974 3700 καταμόνας
2007 3627 2105 3693 τάς
2146 3627 2384 3706 καρδίας,

694 3717 874 3789 ήμῶν,
913 3720 1008 3772 καὶ
1038 3720 1312 3782 ουνιέντος
1351 3721 1431 3782 είς
1477 3719 1657 3773 πάντα
1701 3716 1770 3771 τὰ
1797 3717 1932 3789 ἔργα
1960 3716 2152 3788 ήμῶν;
2186 3711 2382 3773 Πολλοὶ

694 3809 806 3876 γὰρ
838 3806 1099 3871 πολλάκις
1144 3807 1253 3859 τῶν
1297 3805 1598 3859 δοκούντων
1642 3802 1782 3858 εῖναι
1826 3805 2114 3881 χρηστῶν,
2163 3806 2380 3860 πάντων

695 3893 804 3948 εἰσὶ
847 3893 1218 3967 πονηρότεροι.
1260 3893 1365 3947 Καὶ
1397 3893 1556 3948 τοῦτο
1589 3893 1886 3964 ἀπεδείχθη
1924 3894 2023 3966 μὲν
2054 3891 2156 3966 ήδη
2192 3896 2288 3949 καὶ
2321 3899 2380 3949 ἐν

694 3972 772 4053 τῷ
802 3983 1031 4056 παρόντι
1051 3982 1170 4052 βίῳ,
1201 3981 1316 4036 ἀλλ’
1338 3983 1425 4034 ἐπ’
1449 3982 1625 4046 ἐνίων,
1657 3981 2032 4052 περιστάσεώς
2057 3999 2206 4047 τινος
2235 3999 2380 4052 γινο-

700 4073 869 4143 μένης
893 4073 990 4126 καὶ
1024 4071 1288 4142 ἀνάγκης.
1325 4072 1495 4125 Ὅταν
1527 4071 1584 4124 δέ
1616 4072 1646 4124 0
1678 4071 1991 4143 δοκιμάζων
2026 4071 2126 4137 τάς
2157 4074 2384 4144 καρδίας

697 4163 792 4216 καὶ
824 4163 950 4224 τοὺς
990 4161 1255 4233 νεφροὺς,
1295 4162 1324 4212 0
1366 4159 1475 4224 ζῶν
1512 4160 1608 4214 καὶ
1655 4160 1883 4232 ἐνεργὴς
1929 4162 2025 4216 καὶ
2072 4161 2384 4235 τομώτερος

698 4249 840 4320 ὑπὲρ
873 4250 1053 4302 πᾶσαν
1101 4247 1377 4319 μάχαιραν
1408 4247 1693 4319 δίστομον.
1733 4249 1763 4300 0
1812 4249 2183 4322 διικνούμενος
2220 4252 2384 4323 μέχρι

702 4339 973 4407 μερισμοῦ
1011 4336 1188 4405 ψυχῆς
1230 4335 1326 4388 καὶ
1364 4335 1636 4406 σώματος,
1679 4336 1870 4407 ἁρμῶν
1908 4353 1968 4390 τε
2017 4338 2112 4391 καὶ
2147 4339 2382 4410 μυελῶν,

701 4425 730 4478 ὁ
769 4423 1015 4496 κριτικὸς
1044 4424 1394 4495 ἐνθυμήσεων
1437 4425 1531 4477 καὶ
1568 4424 1784 4479 ἐννοιῶν
1823 4425 2120 4498 καθέζηται
2148 4429 2384 4493 δικάζων

698 4514 852 4584 ἡμῖν,
881 4512 1002 4566 τότε
1039 4513 1126 4584 δὴ.
1165 4512 1286 4565 τότε
1322 4513 1422 4566 οὐκ
1454 4512 1668 4581 ὀλίγους
1702 4513 1865 4577 τινάς
1888 4515 1954 4569 ἐκ
1989 4513 2218 4583 πολλῶν,
2248 4517 2383 4574 ἀλλά

703 4600 911 4665 πάντας
952 4599 1460 4672 ἐκκαλυπτομένους
1490 4600 1610 4670 ὄψει
1637 4601 1763 4663 τοὺς
1791 4601 2094 4667 τοιούτους·
2136 4605 2231 4658 καὶ
2259 4605 2382 4659 οὐτε

699 4688 832 4760 δορὰ
855 4689 1126 4760 προϐάτου
1145 4689 1240 4742 ’τὸν
1271 4688 1432 4742 λύκον
1455 4688 1656 4742 δύναιτ’
1683 4688 1770 4756 ἂν,
1799 4689 1922 4743 οῦτε
1951 4691 2192 4756 κονίασις
2211 4693 2382 4763 τάφου

702 4779 796 4831 τὸν
838 4777 984 4831 ἔνδον
1037 4777 1352 4847 ἀποκρύψαι
1396 4777 1690 4848 μολυσμόν.
1741 4779 1856 4831 υύκ
1898 4778 2014 4833 ἔστι
2059 4781 2169 4853 γὰρ
2211 4782 2384 4846 κτίσις

702 4865 915 4937 ἀφανής
950 4865 1179 4919 ἐνώπιον
1209 4864 1303 4918 τοῦ
1338 4866 1460 4919 τότε
1494 4864 1789 4936 κρίνοντος,
1825 4865 1961 4920 ἀλλά
1993 4867 2170 4922 πάντα
2199 4871 2385 4940 γυμνά

702 4954 796 5006 καὶ
835 4953 1306 5024 τετραχηλισμένα
1346 4955 1459 5016 τοῖς
1500 4952 1798 5024 ὀφθαλμοῖς
1828 4954 2026 5008 αὐτοῦ’
2063 4957 2201 5028 ὅπερ
2237 4960 2330 5012 καὶ
2355 4963 2384 5014 0

704 5041 913 5104 Παῦλος
945 5040 1118 5110 δηλῶν
1155 5041 1462 5112 Κορινθίοις
1488 5039 1671 5110 ἔλεγεν
1690 5058 1702 5070 ·
1725 5041 1901 5096 Ὥστε
1917 5043 2004 5113 μὴ
2036 5047 2151 5114 πρὸ
2173 5047 2383 5116 καιροῦ

703 5147 755 5180 τι
786 5129 1040 5196 κρίνετε,
1070 5127 1181 5194 ἕως
1213 5127 1290 5181 ἂν
1311 5129 1455 5198 ἔλθῃ
1493 5131 1524 5183 ὀ
1551 5130 1784 5197 Κύριος,
1814 5129 1881 5196 ὃς
1909 5132 2008 5188 καί
2041 5133 2286 5202 φωτίσει
2312 5134 2385 5190 τὰ

702 5217 935 5285 κρυπτὰ
963 5217 1066 5270 τοῦ
1091 5217 1375 5283 σκότους,
1401 5217 1499 5270 καὶ
1527 5217 1855 5287 φανερώσει
1879 5220 1985 5286 τὰς
2002 5221 2240 5290 ,ϐουλὰς
2267 5223 2385 5277 τῶν

702 5304 982 5374 καρδιῶν.
1006 5306 1122 5358 Ἵνα
1153 5305 1208 5358 δὲ
1234 5306 1329 5358 καὶ
1372 5307 1497 5369 τοὺς
1534 5307 1833 5380 ὑποκριτὰς
1877 5310 2106 5380 ἀφέντες
2134 5312 2227 5366 ἐπὶ
2259 5315 2385 5377 τοὺς

703 5395 876 5466 ὀρθῶς
927 5394 1179 5464 βιοῦντας
1227 5395 1466 5467 ἔλθωμεν
1502 5394 1581 5468 τῷ
1615 5396 1778 5469 λόγῳ,
1810 5399 1971 5454 πόθεν
2007 5400 2195 5473 δῆλον,
2236 5404 2284 5456 εί
2318 5405 2386 5458 τά

705 5484 806 5549 μὲν
843 5483 978 5537 ἄλλα
1000 5486 1182 5548 αὐτοῖς
1206 5485 1584 5556 κατώρθωται,
1612 5488 1672 5541 τὸ
1703 5488 1760 5541 δὲ
1789 5490 2083 5559 κεφάλαιον
2117 5492 2387 5565 ἠμέληται

703 5573 810 5625 τῶν
850 5571 1072 5640 ἀγαθῶν
1107 5575 1139 5642 ή
1178 5574 1676 5645 ταπεινοφροσύνη;
1717 5577 1825 5631 Καὶ
1861 5579 1948 5634 διά
1994 5581 2154 5635 τοῦτο
2189 5582 2388 5647 αὐτοὺς

711 5659 1146 5731 ἀφῆκενὸΘεὸς,
1177 5661 1263 5713 ἵνα
1313 5661 1554 5732 μάθωσιν
1600 5664 1682 5717 ὅτι
1724 5666 1784 5719 οὐ
1826 5670 1889 5740 τῇ
1935 5670 2109 5741 οἰκείᾳ
2161 5671 2385 5742 δυνάμει

770 5803 794 5841 δ
825 5801 879 5851 lu
900 5801 1035 5851 COLb.
1067 5808 1115 5853 el
1153 5803 1302 5854 Savil.
1329 5803 1524 5865 ἐπετιοὶπῦ
1549 5805 1707 5856 ύεςδι.

1491 307 1549 366 5.
1591 306 1884 365 JOANNIS
1918 306 2379 367 CHRYSOSTOM

2484 309 2777 367 IBCHIEP.
2821 306 3374 365 CONSTANTINOP.
4099 301 4190 357 000

2486 424 2801 498 κατώρθουν
2854 428 3038 480 ἐκεῖνα
3063 466 3077 490 ,
3118 425 3257 479 ἀλλά
3300 426 3366 495 τῇ
3410 422 3594 494 χάριτι
3641 421 3738 476 τοῦ
3783 419 3959 474 Θεοῦ.
4033 420 4099 474 ΕΞ
4143 419 4186 474 ἃ

2479 514 2628 583 λέγοι
2663 531 2749 578 τις
2782 514 2989 585 βέλτιον
3019 510 3158 568 εἶναι
3191 511 3592 584 κατορθοῦντας
3636 508 3980 581 ἐπαίρεσθαι
4030 509 4068 579 ἢ
4105 525 4186 560 τα-

2479 602 2811 674 πεινωθῆναι
2859 602 3153 665 πεσόντας,
3199 600 3334 654 πολὺ
3365 599 3459 654 καὶ
3499 599 3597 670 τῆς
3633 597 3970 660 ἀλαζονείας
4004 598 4186 664 ἀγνοεῖ

2478 691 2576 761 τὴν
2603 691 2808 763 ζημίαν
2840 692 2934 745 καὶ
2965 693 3063 763 τῆς
3093 687 3596 760 ταπεινοφροσύνης
3622 686 3680 739 τὸ
3705 685 3938 763 κέρδος,
3962 680 4048 738 Εὖ
4091 689 4201 764 γάρ]

2482 781 2592 834 ῐσθι
2630 781 2818 850 σαφῶς
2844 782 2925 834 δτι
2961 779 3246 850 ἄνθρωπος
3284 777 3422 848 μετά
3457 775 3713 838 ἀπονοίας
3757 771 4098 845 κατορθῶν,
4149 776 4201 825 (fi

2478 887 2542 939 γε
2583 868 2719 932 ὅλως
2750 867 2908 922 τοῦτό
2945 869 3063 920 ἐστι
3100 859 3422 939 κατορθοῦν,
3457 864 3670 934 ταχέως
3718 864 4075 934 ἐμπεσεῖται
4123 866 4201 939 ti;

2478 955 2579 1028 τὴν
2632 955 2870 1027 ἐσχάτην
2923 953 3222 1009 ἀπώλειαν.
3267 952 3382 1007 Καὶ
3412 952 3441 1004 0
3486 951 3584 1022 μὲν
3628 949 3924 1020 ὀλισθῆσαι
3967 965 4182 1019 συγχε-

2485 1043 2688 1115 ρηθεὶς,
2731 1044 2826 1096 καὶ
2859 1042 3176 1114 μετριάζειν
3207 1039 3394 1112 μαθὼν
3419 1039 3529 1094 ἀπὸ
3561 1037 3656 1092 τοῦ
3683 1035 4015 1107 ’πτώματος
4037 1077 4054 1101 ,
4106 1043 4183 1089 κει

2481 1135 2847 1205 ἀναστήσεται
2871 1170 2887 1196 ,
2933 1131 3028 1208 καὶ
3065 1131 3433 1201 ἀνακτήσεται
3486 1126 3680 1180 ἑαυτὸν
3727 1127 3933 1181 θᾶττον
3956 1165 3973 1189 ,
4029 1127 4088 1178 εί
4134 1142 4184 1192 γε

2483 1223 2754 1295 βούλοιτο·
2787 1221 2817 1273 0
2841 1220 2900 1275 δέ
2936 1218 3111 1274 δοκῶν
3145 1219 3243 1290 μὲν
3273 1212 3334 1270 εὖ
3365 1216 3627 1288 πράττειν
3658 1215 3799 1284 μετά
3819 1212 4184 1277 ἀλαζονείας,

2485 1309 2650 1382 μηδὲν
2701 1309 2760 1362 δέ
2807 1307 3035 1379 πάσχων
3084 1305 3293 1371 δεινὸν,
3339 1302 3463 1358 οὐτε
3517 1301 3773 1373 αῖσθησιν
3819 1302 3928 1372 τῆς
3978 1300 4201 1382 obnixi?

2480 1399 2710 1469 λήψεται
2736 1397 3083 1470 παρανομίας
3113 1391 3430 1458 ποτέγάλλά
3456 1391 3551 1446 καὶ
3589 1390 3815 1463 αὐξήσει
3861 1389 3933 1443 τὸ
3987 1389 4182 1449 δεινὸν,

2481 1488 2574 1541 καὶ
2623 1486 2844 1558 λήσεται
2884 1485 3039 1547 κενὸς
3082 1481 3294 1542 ἐνθένδε
3342 1479 3624 1534 ἀπελθών·
3672 1478 3939 1550 καθάπερ
3975 1477 4184 1536 Exit-v0;

2479 1575 2508 1628 0
2554 1576 2884 1648 Φαρισαῖος,
2913 1573 2974 1637 δς
3021 1570 3221 1642 ἀνῆλθε
3249 1568 3399 1642 [177]
3438 1569 3536 1639 μὲν
3579 1567 3752 1622 δοκῶν
3781 1569 3901 1632 τοῖς
3953 1564 4183 1634 ἀγαθοῖς

2482 1663 2654 1717 ἅπασι
2689 1662 2961 1727 πλουτεῖν,
2993 1660 3228 1731 κατῆλθε
3269 1659 3327 1712 δέ
3355 1657 3542 1730 μαθὼν
3564 1658 3646 1711 ὅτι
3679 1657 3770 1710 καὶ
3810 1653 3910 1709 τοῦ
3941 1653 4182 1708 τελώνιον

2481 1750 2803 1824 πενέστερος
2843 1747 2933 1822 ἦν.
2969 1751 3124 1804 Ἔστι
3154 1750 3225 1811 δέ,
3253 1750 3348 1803 καὶ
3381 1749 3568 1818 ἔτερον
3617 1741 3755 1811 εἶδος
3800 1744 4026 1817 πολλὴν
4072 1745 4182 1815 ἔχον

2485 1841 2636 1909 ίσχῦν
2669 1840 2804 1911 πρὸς
2826 1840 2886 1893 τὸ
2912 1837 3146 1894 κενῶσαι
3170 1838 3238 1891 τὰ
3269 1837 3409 1907 μετά
3434 1834 3646 1888 πολλῶν
3678 1832 3927 1904 ἱδρώτων
3956 1833 4064 1887 καὶ
4100 1834 4201 1906 ’πό-ᾗ

2481 1944 2586 1981 νων
2626 1926 2960 1997 συναχθέντα
2993 1925 3152 1991 καλά,
3185 1927 3215 1979 0
3239 1924 3339 1993 τῆς
3382 1921 3688 1987 κενοδοξίας
3733 1922 3965 1992 ἄνεμος.
4001 1920 4180 1976 Καθά-

2482 2032 2588 2087 περ
2609 2017 2719 2086 γάρ
2752 2015 2950 2086 ἄνεμος
2975 2012 3193 2086 ἀληθῶς
3223 2010 3480 2066 εἰσελθὼν
3515 2011 3727 2080 ἐκφυσᾷ
3757 2009 4024 2073 ἅπαντας
4067 2008 4180 2070 100';

2480 2106 2580 2176 τῆς
2605 2105 2805 2176 ἀρετῆς
2840 2101 3162 2175 θησαυρούς.
3203 2102 3336 2156 Ἰδοὺ
3366 2096 3459 2155 οὖν
3491 2101 3588 2155 καὶ
3624 2097 3852 2168 δευτέρα
3895 2097 4181 2168 πρόφασις

2479 2195 2612 2264 ήμῖν
2639 2192 2886 2263 ἀνεφάνη
2911 2192 3019 2245 τῶν
3043 2192 3110 2245 τά
3141 2189 3279 2263 όρθά
3320 2187 3665 2260 βαδιζόντων,
3688 2186 3762 2250 ὡς
3791 2187 3960 2256 ἔφης.
3988 2184 4180 2239 Πολλοὶ

2479 2281 2588 2354 γάρ
2619 2282 2747 2353 παρ’
2778 2283 2911 2352 ἡμῖν
2938 2279 3221 2342 δοκοῦντες
3246 2278 3385 2350 ὑπὲρ
3413 2277 3516 2348 τῆς
3543 2276 3745 2348 ἀρετῆς
3772 2273 4022 2338 πολλοὺς
4051 2273 4201 2350 ὑπο-γ

2484 2368 2854 2440 μεμενηκέναι
2896 2367 3111 2432 πόνους,
3157 2365 3249 2419 καὶ
3295 2365 3660 2436 ὑπομένοντες
3699 2360 3774 2428 δέ,
3811 2359 4018 2432 ἐπειδὴ
4052 2356 4180 2430 πρὸς

2480 2460 2578 2530 τὴν
2612 2459 2760 2528 παρὰ
2807 2457 3110 2529 ἀνθρώπων
3151 2457 3385 2530 ὁρῶντες
3419 2455 3608 2527 τιμὴν,
3660 2456 3754 2507 καὶ
3797 2454 3862 2507 οὐ
3909 2451 4066 2524 πρὸς
4101 2451 4181 2503 τὸν

2480 2547 2612 2601 Θεὸν
2656 2546 3212 2618 ἀπανταιέπραττον,
3246 2543 3550 2615 ἀφείθησαν
3598 2541 3896 2614 πειρασμῷ
3935 2557 4178 2613 περιπε-

2484 2639 2616 2700 σεῖν,
2653 2637 2741 2689 ἵνα
2785 2634 2886 2705 τῆς
2921 2633 3078 2707 παρά
3115 2633 3222 2687 τῶν
3257 2631 3466 2686 πολλῶν
3498 2631 3982 2702 ἀποστερηθέντες
4025 2628 4201 2698 δόξηςί

2481 2723 2548 2777 δι’
2573 2723 2641 2794 ήν
2682 2723 2899 2778 ἅπαντα
2936 2721 3359 2794 ἐζημιώθησαν,
3405 2721 3500 2774 καὶ
3545 2720 3809 2792 μαθόντες
3862 2718 3969 2789 τὴν
4021 2719 4176 2788 φύσιν

2483 2811 2652 2881 αὐτῆς
2695 2811 2771 2873 ὼς
2815 2811 2966 2866 οὐδὲν
3007 2812 3230 2881 ἄμεινον
3279 2809 3471 2873 ἀνθους
3509 2810 3704 2879 χόρτου
3737 2807 4062 2868 διάκειται,
4108 2804 4174 2874 τῷ

2481 2899 2600 2970 Θεῷ
2634 2898 2779 2970 μόνῳ
2815 2900 3126 2970 προσέχωσι
3169 2899 3262 2955 τοῦ
3285 2899 3496 2966 λοιποῦ,
3532 2899 3628 2952 καί
3658 2897 3725 2951 δι’
3755 2895 3922 2949 αὐτὸν
3957 2894 4176 2956 ἃπαντα

2483 2987 2788 3059 πράττωσι.
2831 2989 2943 3040 Καὶ
2977 2988 3154 3058 ἕτεροι
3190 2988 3248 3042 δὲ
3279 2988 3416 3057 πρὸς
3455 2985 3666 3048 τούτοις
3722 2983 3829 3037 εἰσὶ
3861 2981 4022 3050 λόγοι
4059 2981 4175 3034 τού-

2483 3095 2593 3132 των
2643 3075 2823 3147 πολλῷ
2872 3075 3093 3139 πλείους
3129 3087 3178 3141 ι,
3220 3077 3354 3147 ἡμῖν
3408 3075 3508 3145 μὲν
3555 3075 3818 3144 ἀφανεῖς,
3858 3072 3940 3135 ὡς
4000 3072 4172 3140 ἔφην,

2484 3165 2752 3236 γνώριμοι
2804 3164 2861 3217 δὲ
2911 3163 2990 3234 τῷ
3037 3165 3360 3234 πεποιηκότι
3413 3163 3609 3226 αὐτοὺς
3658 3161 3798 3232 Θεῷ.
3847 3161 3947 3231 Μὴ
3999 3161 4174 3213 τοίνυν

2483 3253 2840 3324 ἀσχάλλωμεν
2887 3254 2980 3306 ἐπὶ
3025 3255 3139 3315 τοῖς
3185 3253 3511 3322 γινομένοις,
3567 3250 3681 3305 ἀλλ’
3727 3248 4168 3320 εὐχαριστῶμεν·

2483 3341 2639 3396 τοῦτο
2672 3343 2782 3410 γὰρ
2825 3339 3054 3394 οίκετῶν
3097 3340 3458 3410 εὐγνωμόνων
3493 3341 3630 3396 ἐστί.
3673 3340 3744 3392 Σὺ
3774 3337 3832 3390 δὲ
3874 3335 4173 3407 θαυμάζων

2483 3429 2565 3482 ὃτι
2602 3429 2678 3500 μὴ
2713 3427 2999 3499 πρότερον,
3021 3428 3183 3498 ήνίκα
3210 3427 3449 3498 ἐτρύφας
3470 3426 3564 3481 καὶ
3586 3426 3685 3497 τὴν
3716 3423 3996 3495 κοσμικὴν
4027 3440 4190 3494 περιο,

2485 3517 2670 3575 έκεισο
2703 3516 3026 3587 φαντασίαν,
3058 3516 3196 3569 ἀλλά
3219 3515 3336 3582 νῦν,
3365 3517 3453 3570 ὅτε
3488 3515 3667 3568 πάντα
3698 3514 3881 3567 ἐκεῖνα
3918 3511 4186 3583 ἔρριψαςυ

2486 3609 2581 3665 καὶ
2620 3609 2814 3663 σαυτὸν
2853 3602 2972 3662 ὅλον
3014 3607 3294 3678 ἀνέθηκας
3334 3606 3412 3678 τῷ
3449 3603 3602 3677 Θεῷ,
3653 3605 3775 3658 τότε
3827 3599 4184 3673 ἐπεπήδησενη

2485 3693 2638 3761 οὗτος
2676 3698 2705 3752 0
2740 3697 2957 3769 μιαρὸς,
2991 3695 3372 3769 παραπλήσιον
3407 3695 3578 3756 ποιεῖς
3616 3690 3808 3763 ῶσπερ
3833 3690 3987 3763 ἀνέεί
4021 3689 4174 3743 ἐθαύ-

2488 3786 2698 3858 μαζες,
2743 3787 2797 3840 τί
2835 3786 3035 3859 δήποτε
3067 3787 3180 3849 τοῖς
3231 3783 3334 3857 μὲν
3382 3782 3603 3846 θεαταῖς
3634 3780 3809 3846 οὐδεὶς
3843 3779 4081 3850 ἐνοχλεῖ,
4106 3777 4175 3847 τῷ

2484 3875 2542 3930 δέ
2572 3875 3024 3949 ἀπογραψαμένῳ
3049 3874 3184 3948 πρὸς
3215 3874 3276 3927 τὸ
3307 3871 3623 3935 πυκτεύειν,
3657 3869 3752 3940 καὶ
3783 3868 4172 3942 γυμνασθέντι,

2487 3965 2583 4018 καὶ
2610 3963 2804 4030 είςτδν
2834 3962 3024 4032 ἀγῶνα
3052 3961 3294 4026 καθέντι,
3327 3961 3503 4032 τούτῳ
3535 3960 3681 4031 μόνῳ
3713 3957 3936 4012 πάντων
3967 3955 4174 4010 ἔπεισιν

2486 4055 2515 4107 0
2560 4050 2990 4126 ἀνταγωνιστὴς,
3033 4047 3327 4105 πατάσσων
3374 4048 3476 4121 τὴν
3520 4047 3782 4121 κεφαλὴν,
3831 4046 3923 4100 καὶ
3961 4045 4174 4099 κόπτων

2485 4143 2546 4196 τὸ
2594 4148 2903 4216 πρόσωπον.
2924 4142 3001 4197 Οὐ
3033 4141 3094 4213 δὴ
3121 4139 3278 4195 τοῦτό
3296 4141 3412 4195 ἐστι
3444 4139 3758 4213 θαυμαστὸν
3787 4137 3908 4192 οὐδέ
3936 4136 4170 4207 ἀθυμίας

2486 4231 2666 4296 ἄξιον,
2713 4222 2761 4284 εΊ
2793 4229 3088 4287 πυκτεύειν
3137 4231 3271 4301 ἡμῖν
3315 4229 3610 4299 ἐλομένοις,
3641 4229 3847 4288 ἐκεῖνος
3876 4224 4049 4278 θλίϐει
4084 4227 4170 4276 καὶ

2488 4320 2612 4391 ἀνιᾷ
2638 4320 2733 4373 καὶ
2759 4319 2982 4392 βαρύνει
3004 4335 3017 4347 ·
3042 4308 3200 4380 οὗτος
3227 4317 3335 4389 γάρ
3366 4316 3474 4371 τῶν
3499 4313 3879 4369 πυκτευόντων
3914 4315 3945 4366 0
3974 4313 4163 4382 νόμος·

2489 4393 2612 4462 ἀλλἸ
2652 4392 2700 4461 έι
2744 4395 3066 4481 περιτρέπει
3123 4408 3218 4462 καὶ
3263 4404 3595 4460 καταϐάλλει
3645 4404 3740 4458 καὶ
3801 4402 3864 4455 τὸ
3919 4400 4167 4472 βραϐεῖον

2488 4500 2823 4571 ἀφαιρεῖται,
2863 4498 3024 4553 τοῦτό
3051 4498 3168 4554 ἐστι
3217 4497 3278 4551 τὸ
3325 4497 3520 4550 δεινόν.
3549 4497 3695 4560 Ἕως
3737 4494 3783 4548 0‘
3814 4492 3881 4548 ἂν
3909 4491 4067 4545 τοῦτο
4096 4491 4164 4562 μὴ

2487 4582 2728 4656 δύνηται,
2777 4581 2838 4635 οὐ
2874 4582 3035 4654 μόνον
3068 4581 3219 4634 οὐδὲν
3254 4580 3507 4650 ἔϐλαψεν,
3540 4579 3677 4633 ἀλλά
3705 4577 3799 4632 καὶ
3831 4577 3901 4630 τά
3939 4578 4163 4646 μέγιστα

2487 4665 2665 4738 ῶνησε
2690 4668 2757 4738 τῇ
2789 4665 3000 4737 σφοδρᾷ
3029 4665 3317 4737 συμπλοκῇ
3353 4665 3712 4736 σεμνοτέρους
3738 4662 3886 4732 ἡμᾶς
3914 4660 4159 4729 ποιήσας.

2487 4751 2599 4804 Καὶ
2644 4749 2752 4821 γὰρ
2796 4749 2855 4803 ἐν
2895 4752 3008 4813 τοῖς
3052 4749 3436 4820 στρατοπέδοις
3468 4747 3672 4809 ἐκεῖνός
3715 4748 3863 4800 ἐστιν
3887 4745 3916 4796 0
3952 4743 4160 4796 πάντων

2487 4840 2763 4910 ἀμείνων,
2807 4840 2836 4891 0
2870 4838 3092 4892 πλείονα
3131 4837 3425 4910 τραύματα
3473 4833 3740 4900 ἐπιδεῖξαι
3777 4832 3934 4903 ἔχων,
3980 4830 4071 4884 καὶ
4100 4829 4160 4882 τὰ

2490 4924 2795 4995 μονομάχια
2827 4923 2963 4995 πρὸς
2995 4924 3120 4985 τοὺς
3160 4920 3556 4992 εὐτονωτέρους
3588 4917 3697 4970 τῶν
3731 4914 4002 4986 πολεμίων
4037 4915 4161 4968 ἀνα·

2487 5004 2778 5077 δεξάμενος
2794 5022 2808 5036 ⁶
2841 5008 2936 5060 καί⁵
2956 5005 3066 5058 τῶν
3087 5005 3334 5076 ἀθλητῶν
3357 5005 3414 5057 δὲ
3438 5004 3567 5068 τοὺς
3593 5005 3706 5067 τοῖς
3733 5000 4106 5072 ἀκαθαιρέτοις
4136 5002 4161 5041 δ

2491 5091 2973 5164 συμπλεκομένους
3011 5089 3193 5162 (οὕτω
3231 5088 3341 5159 γὰρ
3388 5089 3515 5152 τοὺς
3567 5088 4029 5158 φιλονεικοτέρους
4063 5104 4161 5140 κα-

2487 5182 2640 5236 λοῦσι
2665 5181 2775 5234 τῶν
2818 5177 3272 5249 ἀνταγωνιστῶν)
3310 5176 3662 5249 θαυμάζομεν
3685 5193 3699 5206 ·
3735 5177 3830 5230 καὶ
3871 5176 4160 5246 κυνηγέτης

2488 5263 2643 5334 οὗτος
2671 5269 2907 5340 μάλιστά
2940 5271 3088 5321 ἐστιν
3114 5268 3145 5320 0
3174 5265 3569 5339 κρατούμενος,
3601 5267 3630 5319 0
3660 5264 3729 5318 10
3754 5263 4028 5318 δυσάλωτα
4054 5267 4158 5318 τῶν

2489 5360 2693 5431 θηρίων
2728 5357 3179 5429 καταδεχόμενος.
3212 5355 3463 5427 Ἀναιδής
3487 5356 3603 5409 ἐστι
3638 5354 3731 5408 καὶ
3757 5353 4155 5424 ἀκατάπληκτος

2551 5503 2577 5532 ⁸
2615 5501 2790 5551 Morel.
2813 5499 2997 5564 τούτων
3016 5498 3225 5560 πλείους,
3247 5499 3399 5549 Savil.
3423 5497 3607 5548 τούτων
3631 5500 3797 5564 πολλῷ
3816 5498 4015 5556 πλείους,
4025 5499 4149 5556 Colb.

2489 5565 2672 5612 τούτων
2689 5563 2811 5612 πολὺ
2834 5562 3042 5617 πλείους.

2554 5627 2581 5662 δ
2606 5626 2780 5675 Morel.
2817 5626 3162 5687 ἀκαθαιρέτοις,
3185 5625 3338 5672 Savil.
3381 5625 3430 5673 in
3452 5628 3688 5688 mal-3.0!.
3717 5622 3851 5675 Colb.
3881 5621 4152 5688 ἀκαθάρτοις,

2494 5695 2636 5739 male.
2668 5688 2816 5736 Savil.
2845 5688 2893 5735 in
2935 5693 3077 5735 textu
3121 5687 3572 5743 0xaQéx10anfr3
3618 5687 3792 5736 Morel.
3839 5691 3891 5734 el
3928 5687 4064 5736 sam.
4105 5689 4153 5737 in

2495 5764 2644 5848 marg.
2671 5750 2923 5824 δυσά)οι›τα
2945 5751 3039 5797 τῶν
3062 5750 3252 5813 θηρίων,
3275 5751 3489 5800 Savi|.in
3517 5755 3659 5801 textu
3685 5758 3736 5800 ει
3759 5748 3898 5800 Colb.
3915 5749 4154 5804 ὁνσθάνατι

2497 5817 2589 5848 τιτι-ι
2623 5821 2799 5848 ίγξνιυηκι-

2497 5817 2589 5862 τῶν
2611 5811 2781 5876 θηρίων
2790 5845 2800 5856 .
