4264 6312
199 398 306 453 445

192 511 267 565 do
289 524 532 566 memoro
569 525 690 580 qua
717 520 844 566 tunc
879 518 1063 579 agunt,
1092 525 1214 565 cum
1242 524 1272 564 a
1298 508 1543 565 dzcmone
1587 521 1782 578 appre-

193 601 523 669 henduntur,
552 601 646 658 sed
669 618 788 674 quae
816 611 1162 672 posteaquam
1198 602 1285 657 illa
1307 602 1518 656 vexatio
1542 614 1786 655 cessave-

97 726 103 730 ε
191 693 300 748 rit.‘
347 692 480 749 Nam
535 703 589 750 et
635 694 953 749 edacitatem
981 702 1312 764 sequuntur,
1345 703 1398 749 et
1438 692 1703 758 furantur,
1731 701 1787 748 et

192 782 548 850 inebriantur,
578 793 634 839 et
661 785 886 856 plurima
918 783 1002 839 his
1026 785 1185 840 etiam
1213 784 1447 854 turpiora
1476 783 1782 838 admittunt.

165 873 441 946 ‘Denique
468 877 608 931 sicut
638 875 1042 932 malefactorum
1075 875 1332 946 plurimus
1360 889 1633 930 carcerem
1670 875 1770 930 diu

191 966 405 1022 tissime
431 967 714 1022 ‘incolere
762 967 1021 1036 permittit
1043 965 1228 1036 judex,
1274 965 1410 1021 adeo
1461 974 1518 1022 ut
1563 967 1790 1036 plerum-

188 1074 304 1130 que
335 1060 498 1114 vitam
529 1059 638 1115 illic
667 1060 873 1124 finiant,
903 1067 960 1115 ut
986 1074 1107 1114 cum
1136 1073 1204 1114 ex
1235 1058 1421 1113 multis
1445 1058 1652 1129 aliquos
1694 1072 1790 1128 pu-

191 1151 302 1206 niri
327 1149 462 1218 vult,
490 1166 652 1205 unum
685 1166 748 1205 ex
781 1151 886 1205 illis
912 1191 927 1216 ,
957 1159 1050 1207 aut
1077 1150 1239 1204 etiam
1267 1150 1407 1212 duos
1429 1149 1788 1205 .emineutiori

191 1241 318 1296 loco
345 1250 585 1297 statuens
608 1281 624 1306 ,
654 1240 1126 1299 circumstantibus
1153 1240 1402 1296 omnibus
1424 1281 1440 1307 ,
1472 1240 1546 1295 ita
1575 1239 1788 1294 demum

191 1331 264 1387 ad
295 1342 520 1388 mortem
551 1331 672 1387 duci
710 1333 979 1402 praecipit,
1008 1347 1181 1402 neque
1222 1330 1290 1387 ad
1321 1341 1584 1386 terrorem
1623 1341 1788 1387 caete-

193 1439 387 1481 rorum
442 1424 520 1480 sic
569 1425 738 1481 malos
765 1438 964 1496 omnes
995 1424 1185 1492 punire
1230 1438 1452 1478 necesse
1482 1423 1683 1504 habet:
1718 1421 1790 1476 ita

195 1516 347 1571 Deus
371 1529 584 1586 quoque
609 1531 732 1570 eum
751 1530 851 1570 nos
871 1514 1160 1570 emendare
1189 1514 1321 1579 vnit,
1353 1529 1458 1567 non
1478 1527 1673 1570 omnes
1689 1526 1792 1566 una

192 1607 372 1664 malos
399 1608 588 1677 punire
615 1607 980 1662 necessarium
1006 1607 1302 1672 existimat,
1333 1605 1429 1661 sed
1456 1605 1664 1676 aliquos
1708 1621 1794 1660 ra-

196 1698 356 1766 piens
377 1713 445 1752 ex
463 1697 540 1752 eis
566 1711 699 1768 quos
719 1712 1004 1766 numquam
1035 1696 1380 1767 corrigendos
1406 1696 1796 1765 novit,-poten-

193 1795 332 1847 tiam
358 1802 516 1862 atque
545 1792 676 1846 iram
707 1791 940 1853 ostendit
963 1805 1114 1855 suam
1133 1833 1148 1855 ,
1180 1790 1407 1860 plurima
1429 1805 1497 1844 ex
1523 1788 1625 1843 hoc
1650 1789 1794 1844 utilia

195 1883 510 1956 perliciens.
552 1882 758 1953 Quippe
801 1891 854 1937 et
882 1883 1050 1938 malos
1079 1883 1144 1939 ad
1171 1881 1485 1950 deserenda,
1526 1881 1569 1938 si
1598 1880 1791 1942 velint.

193 1977 330 2030 vitia
359 1974 628 2042 hortatur,
656 1983 710 2030 et
735 1975 903 2031 bonos
928 1976 1194 2032 cautiores
1224 1974 1386 2054 efficit
1405 2017 1421 2041 ,
1453 1984 1506 2030 et
1551 1975 1791 2045 longani-

196 2054 443 2122 mitatem
466 2066 698 2123 ostendit
725 2082 899 2135 suam,
927 2068 1437 2137 resurrectionisque
1465 2067 1790 2138 doctrinam,

195 2170 262 2214 ut
309 2167 429 2214 ante
471 2158 724 2226 diximus,
755 2159 1004 2214 omnibus
1033 2159 1285 2214 insinuat.
1329 2157 1465 2226 Quid
1493 2174 1622 2229 ergo
1648 2157 1794 2225 haec,

201 2252 438 2323 inquies,
472 2252 538 2307 ad
568 2267 684 2320 eos,
705 2253 794 2323 qui
825 2270 854 2307 a
883 2253 1050 2323 prima
1073 2237 1292 2307 infantia
1320 2252 1503 2308 nutriti
1556 2252 1608 2306 in
1654 2251 1798 2306 cala-

195 2343 508 2413 mitatibus,
538 2344 843 2415 priusquam
875 2345 1012 2400 bona
1046 2345 1128 2399 vel
1159 2345 1296 2399 mala
1329 2360 1424 2415 per
1449 2354 1658 2400 aetatem
1685 2345 1796 2399 dis-

196 2448 428 2488 cernere
467 2433 691 2503 possint,
720 2449 751 2489 e
782 2435 885 2488 vita
908 2434 1174 2505 migrant?
1197 2434 1403 2506 thuid
1428 2435 1575 2502 mali,
1593 2449 1795 2506 quaeso,

198 2525 296 2588 isti
327 2526 613 2596 patiuntur,
643 2526 731 2596 qui
770 2525 994 2580 necdum
1042 2525 1168 2598 quid
1223 2527 1487 2595 patiantur
1542 2525 1795 2586 sentiunt.

198 2633 382 2686 neque
407 2616 588 2673 dolere
626 2627 715 2672 aut
753 2617 984 2687 gaudere
1010 2617 1342 2673 didicerant?
1369 2617 1482 2688 Ego
1517 2632 1644 2672 vero
1693 2631 1797 2671 non

200 2707 315 2761 hoc
355 2709 524 2762 solum
556 2724 651 2779 pro
679 2707 980 2778 hujusmodi
1011 2708 1263 2764 solvenda
1307 2710 1602 2778 quaestione
1651 2708 1801 2764 dixe-

212 2800 340 2866 rim,
367 2815 548 2854 verum
579 2810 823 2871 parentes
856 2803 996 2870 ipsos
1023 2801 1184 2855 etiam
1216 2811 1266 2855 et
1290 2799 1480 2856 fratres
1511 2808 1565 2854 ct
1587 2800 1800 2870 propin-

208 2906 350 2962 quos
379 2890 683 2962 huiusmodi
714 2893 1000 2946 liberorum
1031 2891 1272 2948 cladibus
1297 2891 1609 2947 emendatos
1651 2890 1798 2945 novi.

208 2985 266 3039 id
293 2999 418 3054 vero
442 2999 545 3038 non
575 2984 778 3038 minimi
807 2984 936 3038 lucri
963 2993 1062 3048 est,
1094 2999 1161 3038 ex
1186 2984 1271 3049 iis,
1309 2982 1500 3051 quibus
1527 2995 1684 3036 nemo
1711 2981 1801 3035 he-

206 3079 375 3144 ditur,
407 3078 537 3132 alios
566 3078 848 3132 maximam
877 3077 1157 3132 utilitatem
1188 3075 1464 3145 consequi.
1497 3074 1796 3130 Verisimile

205 3178 389 3224 autem
434 3177 516 3223 est
552 3167 774 3224 etaiiam
819 3181 938 3222 esse
975 3181 1189 3221 causam
1233 3165 1598 3232 secretiorem,
1641 3181 1800 3237 quam

211 3261 369 3316 solus
395 3261 541 3316 novit
569 3275 745 3315 rerum
771 3260 944 3329 opifex
968 3259 1131 3313 Deus.

284 3353 341 3408 9.
381 3350 485 3406 Cur
525 3362 635 3421 post
669 3350 982 3423 aﬂlictionem
1028 3349 1234 3418 quidam
1265 3357 1484 3418 peccent.
1508 3377 1578 3387 —
1623 3347 1799 3403 Unum

212 3440 478 3516 reliquum
500 3454 584 3500 est
611 3442 1005 3513 explicandum,
1024 3457 1184 3511 quam
1203 3442 1404 3496 scilicet
1423 3440 1491 3494 ob
1506 3455 1718 3495 causam
1743 3440 1798 3507 ii,

210 3538 306 3610 qui
362 3547 504 3593 recte
553 3537 860 3608 priusquam
917 3545 1245 3590 tentarentur
1297 3533 1634 3601 incedebant,
1682 3543 1806 3606 post

214 3630 562 3686 tentationem
590 3630 722 3700 lapsi
749 3630 873 3683 sint.
905 3628 1054 3695 Quis,
1083 3641 1180 3682 oro
1201 3668 1214 3694 ,
1237 3627 1394 3697 plane
1420 3627 1565 3680 novit
1595 3626 1681 3696 qui
1715 3641 1803 3680 re-

216 3722 308 3768 cte
338 3711 615 3777 incedant,
641 3713 745 3766 nisi
766 3711 857 3780 qui
891 3711 1055 3765 corda
1082 3721 1269 3766 nostra
1299 3714 1513 3782 singula
1536 3713 1712 3779 ﬁnxit,
1740 3712 1820 3767 in-

216 3807 530 3876 telligitque
553 3807 739 3860 omnia
756 3822 921 3876 opera
945 3813 1132 3861 nostra
1165 3806 1279 3875 (Ps.
1305 3806 1395 3860 ‘52.
1416 3805 1504 3870 15)
1523 3807 1546 3862 ?
1565 3804 1654 3862 Fit
1669 3805 1816 3864 enim

215 3901 441 3968 sapius,
463 3906 521 3952 ut
542 3898 764 3971 plurimi
783 3915 847 3952 ex
870 3899 935 3952 iis
959 3898 1048 3967 qui
1069 3899 1199 3951 honi
1221 3914 1341 3954 esse
1361 3898 1639 3960 videntur,
1667 3899 1819 3970 pejo-

214 4005 308 4045 res
335 3990 593 4044 omnibus
616 3990 761 4057 sint;
787 3997 952 4059 atque
981 3989 1033 4043 id
1059 3989 1281 4059 quidem
1311 3999 1364 4045 et
1394 3991 1447 4044 in
1476 3991 1579 4046 hoc
1609 3992 1818 4047 saeculo

215 4080 670 4151 deprehenditur,
688 4081 782 4137 sed
802 4083 854 4136 in
881 4083 1162 4137 nonnullis
1181 4097 1314 4137 casu
1335 4082 1521 4154 aliquo
1543 4099 1607 4137 ac
1630 4099 1820 4139 neces.

214 4176 382 4231 sitate
406 4175 716 4245 ingruente.
737 4174 870 4229 Cum
896 4190 1023 4229 vero
1048 4176 1093 4230 is
1124 4176 1217 4246 qui
1237 4174 1404 4229 corda
1436 4184 1489 4229 ct
1510 4191 1668 4231 renes
1690 4190 1818 4245 pro-

217 4269 336 4332 bat,
367 4269 526 4324 vivus
547 4278 601 4323 et
620 4269 833 4333 ellicax,
855 4277 910 4323 et
937 4270 1150 4323 acutior
1175 4270 1324 4323 omni
1352 4269 1536 4339 gladio
1563 4269 1816 4339 ancipiti,

233 4361 552 4432 pertingens
587 4377 758 4432 usque
789 4361 855 4415 ad
890 4360 1214 4417 divisionem
1247 4363 1442 4416 animae
1462 4371 1516 4416 et
1545 4365 1814 4432 corporis,

227 4466 449 4511 artuum
472 4467 526 4511 et
541 4457 926 4522 medullarum,
947 4457 1218 4511 discretor
1240 4456 1633 4527 cogitationum
1666 4465 1720 4512 et
1741 4459 1820 4512 in-

221 4548 532 4603 teutionum
557 4548 743 4614 (Hebr.
772 4551 823 4604 4.
855 4551 964 4614 l2),
990 4549 1251 4615 judicans
1277 4549 1652 4611 sederit,tunc
1681 4565 1816 4604 vero

217 4638 326 4675 non
356 4638 553 4692 paucos
581 4639 647 4678 ex
678 4625 940 4694 pluribus,
969 4629 1064 4683 sed
1093 4644 1280 4686 omnes
1313 4640 1498 4702 aperte
1546 4633 1754 4690 videbis
1785 4653 1799 4690 :

215 4727 390 4782 neque
419 4723 541 4768 tunc
565 4717 719 4770 ovina
746 4718 900 4786 pellis
931 4719 1136 4789 lupum,
1170 4738 1342 4794 neque
1389 4727 1618 4796 scpulcri
1653 4729 1804 4784 deal-

213 4802 360 4858 batio
387 4803 646 4860 internam
675 4805 1095 4876 inquinationcm
1127 4815 1398 4871 occultare
1428 4821 1640 4886 poterit.
1674 4821 1803 4875 Nul-

212 4891 262 4946 la
297 4893 438 4948 enim
463 4905 705 4951 creatura
751 4907 832 4952 est
862 4899 1141 4957 invisibilis
1185 4919 1364 4960 coram
1409 4923 1494 4972 eo,
1534 4911 1622 4980 qui
1674 4920 1800 4968 tunc

211 4982 541 5054 iudicaturus
572 4996 673 5052 est,
703 4987 794 5042 sed
837 4990 972 5044 nuda
1005 5000 1058 5046 et
1086 5003 1269 5064 aperta
1311 5006 1435 5051 sunt
1460 5001 1634 5055 omnia
1665 5016 1798 5056 ocu-

211 5075 277 5130 lis
305 5075 453 5146 ejus:
487 5078 628 5147 quod
662 5079 857 5136 Paulus
888 5082 1084 5139 indicat
1107 5101 1228 5140 cum
1258 5086 1546 5146 Corinthiis
1572 5095 1793 5149 scribit:

206 5166 393 5238 Itaque
428 5173 583 5224 nolite
620 5182 737 5226 ante
769 5183 962 5241 tempus
995 5176 1262 5247 quicquam
1307 5181 1559 5249 judicare,
1598 5187 1798 5253 quoad-

205 5275 363 5328 usque
382 5262 544 5314 ueniat
564 5261 834 5328 Dominus,
853 5266 940 5334 qui
959 5275 1003 5320 et
1024 5267 1325 5323 illuminabit
1341 5273 1634 5327 abscondita
1661 5286 1796 5330 tene-

203 5352 430 5416 brarum,
461 5360 510 5405 et
530 5355 869 5425 manifestabit
893 5359 1104 5412 consilia
1125 5362 1355 5416 cordium
1383 5363 1457 5436 (l.
1488 5365 1607 5419 Cor.
1635 5367 1687 5422 4.
1711 5369 1791 5436 5).

203 5441 274 5497 Ut
303 5454 500 5529 autem,
534 5445 829 5516 itypocritis
854 5453 1067 5506 omissis
1085 5493 1100 5518 ,
1131 5454 1196 5509 ad
1225 5471 1318 5510 eos
1347 5457 1558 5512 tandem
1587 5463 1676 5530 qui
1705 5478 1792 5517 re-

198 5545 288 5590 cte
328 5551 516 5592 revera
557 5539 812 5595 incedunt
838 5543 1132 5608 veniamus,
1188 5546 1329 5602 unde
1381 5549 1536 5604 nobis
1584 5562 1795 5610 constat

197 5625 368 5698 quod,
397 5628 608 5684 etiamsi
652 5629 794 5685 bona
824 5633 1022 5703 reliqua
1054 5636 1579 5705 egerint,.summum
1612 5651 1791 5701 tamen

197 5718 440 5773 omnium
473 5719 727 5776 virtutum
761 5724 994 5792 culmen,
1031 5726 1418 5796 humilitatem,
1451 5749 1554 5788 non
1607 5733 1790 5807 negie-

265 5835 283 5866 ·
323 5840 442 5896 vox,
465 5831 748 5899 diutissime,
770 5834 817 5884 in
838 5835 969 5890 Colb.
998 5847 1048 5892 et
1070 5840 1207 5893 savii.
1234 5841 1392 5895 deest.

1051 396 1140 453 AD
1177 394 1549 455 ετΑςιιιιυιι
1590 395 1633 452 Α
1674 391 1976 452 amicas
2015 376 2373 453 mxuma.
2413 393 2542 451 ua.
2582 392 2624 449 l.

3378 391 3484 447 446

1892 508 2112 564 xcrint?
2144 508 2346 564 idcirco
2369 517 2547 563 autem
2573 505 2774 562 dimisit
2818 505 2938 561 illos
2967 505 3107 562 Deus
3125 547 3141 573 ,
3170 514 3228 560 ut
3276 503 3486 561 discant

1890 597 2070 655 illase
2096 616 2202 654 non
2228 602 2439 670 propria
2469 599 2683 664 virtute,
2718 597 2811 652 scd
2839 597 2931 652 Dei
2959 598 3128 668 gratia
3147 596 3483 668 praestitisse.

1890 689 2042 757 Quod
2065 691 2111 745 si
2143 690 2284 746 dicat
2311 691 2431 761 quis
2468 690 2663 745 melius
2689 689 2852 744 fuisse
2881 689 3001 744 illos
3041 704 3168 744 cum
3190 697 3336 745 recte
3358 703 3484 758 age-

1893 790 2016 838 rent
2041 782 2244 847 extolli,
2272 797 2429 853 quam
2459 792 2580 853 post
2607 783 2813 852 lapsum
2837 781 3126 845 humiliari,
3151 782 3195 835 is
3221 780 3351 835 mihi
3370 795 3486 836 ma-

1890 875 2036 931 xime
2054 873 2265 930 videtur
2285 873 2557 944 iactantiae
2597 874 2914 930 detrimenta
2955 881 3116 953 atque
3167 871 3483 928 humilitatis

1892 963 2038 1020 lucra
2062 967 2327 1036 ignorare.
2357 964 2508 1021 Nosti
2533 964 2674 1020 enim
2697 965 2854 1036 plane
2880 964 3150 1020 hominem
3171 973 3484 1034 arroganter

1893 1055 2030 1111 bona
2057 1065 2390 1126 operantem,
2419 1057 2463 1110 si
2485 1064 2663 1111 tamen
2694 1056 2830 1110 bona
2875 1055 3050 1110 facere
3074 1059 3331 1124 arrogans
3357 1069 3486 1124 pos-

1892 1145 1984 1210 sit,
2016 1147 2406 1217 quamprimum
2430 1147 2486 1200 in
2516 1159 2777 1200 summam
2807 1145 3409 1216 peruicicmlapsurum.
3437 1144 3503 1217 is

1895 1252 2023 1292 vero
2048 1237 2139 1307 qui
2164 1237 2266 1292 labi
2287 1237 2578 1307 permissus
2602 1237 2793 1303 fuerit,
2827 1246 2987 1306 atque
3009 1251 3076 1292 ex
3121 1236 3277 1291 ruina
3305 1235 3483 1290 humi-

1897 1326 2012 1382 liari
2041 1327 2306 1395 didicerit,
2336 1337 2600 1400 resurget,
2635 1341 2697 1384 ac
2714 1329 2760 1384 si
2789 1328 3004 1398 quidem
3026 1328 3276 1395 voluerit,
3305 1329 3488 1398 lapsus

1896 1419 1977 1472 sui
2004 1418 2196 1473 damna
2223 1419 2331 1474 cito
2357 1418 2645 1489 reparabit.
2687 1419 2868 1474 Porro
2896 1419 2942 1474 is
2968 1419 3206 1490 quicum
3229 1418 3483 1488 jactantia

1896 1518 2043 1566 recte
2075 1519 2289 1580 putatur
2314 1511 2524 1582 operari
2548 1553 2563 1576 ,
2601 1511 2731 1566 nihil
2759 1513 2966 1582 patiens
2989 1512 3201 1568 adversi
3223 1552 3236 1574 .
3267 1526 3335 1566 ne
3359 1527 3488 1566 sen-
3525 1505 3538 1516 “

1897 1615 2019 1654 sum
2056 1601 2270 1672 quidem
2301 1602 2466 1657 ullum
2507 1603 2736 1673 propria
2766 1603 3057 1672 iniquitatis
3101 1602 3319 1672 recipiet
3367 1618 3487 1656 um-

1897 1708 2055 1763 quam
2076 1735 2090 1759 ,
2123 1692 2218 1748 sed
2246 1694 2459 1764 augebit
2487 1694 2684 1749 malum
2705 1736 2720 1761 ,
2743 1701 2904 1764 atque
2932 1693 3063 1748 dum
3087 1695 3327 1758 nesciet,
3361 1693 3486 1746 hinc

1899 1801 2097 1840 vacuus
2133 1786 2501 1857 proficiscetur
2529 1804 2542 1839 :
2574 1785 2730 1842 sicuti
2773 1786 3076 1841 Pharisaaus
3104 1786 3194 1841 ille
3217 1785 3368 1858 (Luc.
3395 1786 3484 1849 l8,

1901 1877 1994 1950 10)
2019 1880 2108 1949 qui
2138 1879 2380 1934 ascendit
2403 1879 2457 1933 in
2483 1880 2758 1948 templum,
2777 1888 2965 1948 putans
2986 1893 3047 1933 se
3073 1878 3226 1933 bonis
3238 1876 3490 1932 omnibus

1899 1989 2024 2030 esse
2039 1972 2660 2047 locupletem,descendit
2675 1987 2800 2028 vero
2816 1971 3100 2042 publicano
3117 1971 3486 2044 pauperiorem

1900 2068 2106 2123 meritis
2141 2083 2199 2122 se
2228 2082 2348 2124 esse
2370 2067 2686 2138 percipiens.
2719 2064 2816 2121 Est
2857 2076 2910 2122 et
2939 2067 3040 2122 alia
3069 2064 3275 2134 species
3301 2064 3490 2135 pestis,

1900 2174 2020 2231 quas
2046 2161 2329 2230 plurimum
2356 2160 2566 2215 roboris
2596 2159 2753 2214 habet
2792 2159 2858 2214 ad
2884 2156 3188 2213 evacuanda
3213 2156 3350 2212 bona
3397 2171 3491 2209 nos

1901 2261 2030 2316 stra,
2084 2265 2204 2322 quae
2243 2260 2391 2305 muto
2442 2250 2636 2305 sudore
2680 2250 3013 2320 colligimus,
3055 2257 3243 2302 ventus
3287 2247 3492 2302 scilicet

1903 2341 2079 2400 inanis
2121 2342 2325 2412 gloriae.
2354 2341 2484 2396 Nam
2513 2357 2698 2397 revera
2727 2342 2871 2396 venti
2915 2341 3083 2395 instar
3109 2340 3344 2411 ingressa
3377 2337 3490 2394 the-

1902 2453 2090 2492 sauros
2117 2452 2306 2492 omnes
2335 2437 2548 2492 virtutis
2580 2436 2845 2490 exsumat.
2896 2435 2973 2489 En
3001 2445 3057 2489 et
3081 2434 3312 2488 secunda
3339 2433 3494 2488 nobis

1902 2528 2114 2585 occasio
2144 2528 2324 2599 lapsus
2350 2537 2495 2584 recte
2519 2528 2897 2600 gradientium,
2929 2534 2986 2580 ut
3015 2536 3070 2580 tu
3097 2525 3332 2580 dicebas.
3361 2523 3491 2580 Plu-

1903 2621 2025 2674 rimi
2053 2622 2193 2675 enim
2216 2637 2285 2676 ex
2316 2621 2380 2676 iis
2409 2622 2498 2691 qui
2538 2620 2678 2692 apud
2706 2635 2805 2675 nos
2833 2620 3074 2690 ingentes
3116 2618 3363 2674 videntur
3388 2617 3496 2672 vir-

1905 2711 2032 2765 tutis
2056 2727 2214 2766 causa
2239 2712 2493 2768 tolerasse
2520 2712 2755 2778 labores,
2779 2727 2840 2765 ac
2868 2726 3055 2765 revera
3086 2711 3340 2777 tolerant,
3372 2724 3494 2764 cum

1903 2803 2082 2858 omnia
2106 2803 2172 2857 ad
2204 2804 2461 2858 honorem
2487 2803 2782 2868 hominum,
2812 2818 2916 2858 non
2950 2817 3044 2873 pro
3077 2802 3167 2857 Dei
3197 2803 3384 2872 gloria,
3410 2801 3496 2855 fa.

1903 2905 2106 2955 cerent.
2143 2896 2384 2964 permissi
2407 2905 2529 2949 sunt
2552 2895 2605 2949 iu
2637 2895 2983 2950 tentationem
3018 2893 3140 2957 labi,
3170 2902 3227 2947 ut
3254 2893 3497 2947 multitu-

1904 2987 2045 3042 dinis
2067 2987 2234 3058 gloria
2274 2986 2476 3052 nudati,
2508 2997 2727 3056 propter
2765 3002 2922 3057 quam
2953 2987 3274 3040 detrimenta
3315 2984 3494 3039 omnia

1906 3080 2143 3148 perpessi
2173 3089 2315 3144 sunt,
2345 3080 2567 3149 ejusque
2607 3080 2790 3149 gloriae
2821 3086 3064 3132 naturam
3097 3078 3146 3131 in
3182 3078 3326 3131 nullo
3365 3075 3498 3130 ﬂore

1907 3169 2033 3225 foeni
2057 3186 2176 3225 esse
2205 3171 2480 3225 meliorem
2508 3170 2866 3235 addiscentes,
2894 3169 3002 3239 jam
3033 3169 3140 3224 Deo
3163 3169 3263 3223 soli
3286 3178 3495 3232 vacent,

1905 3270 2069 3332 atque
2092 3262 2258 3330 ipsius
2277 3275 2437 3316 causa
2465 3260 2660 3315 faciant
2701 3261 2901 3314 omnia.
2949 3259 3084 3314 Sunt
3136 3269 3396 3328 praeterea
3439 3269 3498 3312 et

1907 3353 2023 3407 alia:
2053 3368 2228 3407 causm
2257 3361 2414 3422 atque
2437 3352 2690 3419 rationes,
2714 3351 2993 3420 etquidem
3016 3351 3172 3420 longe
3192 3350 3274 3404 his
3292 3351 3493 3419 plures,

1907 3453 2178 3510 ceterum,
2205 3455 2263 3499 ut
2284 3445 2415 3507 dixi,
2441 3445 2594 3499 nobis
2612 3445 2915 3515 incognitm,
2942 3444 3037 3498 sed
3057 3445 3296 3498 omnium
3315 3443 3494 3512 opifici

1908 3538 2020 3594 Deo
2035 3538 2172 3594 bene
2196 3547 2357 3593 notae.
2384 3526 2467 3593 Ne
2494 3538 2654 3608 igitur
2679 3539 2730 3592 in
2774 3537 2837 3592 iis
2865 3553 2984 3607 qua:
3005 3537 3318 3607 contingunt
3362 3535 3500 3590 iudi-

1906 3643 2150 3698 gnemur,
2179 3628 2274 3684 sed
2303 3629 2499 3700 gratias
2529 3643 2749 3699 agamus
2781 3645 2794 3680 :
2837 3627 2940 3682 hoc
2965 3629 3106 3682 enim
3135 3638 3406 3697 gratorum
3440 3628 3498 3680 ii-

1909 3720 2217 3792 deliumque
2245 3736 2521 3775 servorum
2557 3731 2660 3775 est.
2703 3721 2772 3774 At
2797 3735 2929 3775 vero
2955 3728 3009 3773 tu
3031 3762 3045 3787 ,
3070 3719 3194 3773 dum
3219 3719 3498 3772 admiraris

1906 3827 2002 3867 cur
2022 3827 2126 3867 non
2155 3821 2310 3868 antea
2339 3814 2530 3882 potius,
2565 3827 2687 3867 cum
2718 3811 2945 3866 delicate
2969 3811 3178 3864 viveres
3216 3817 3377 3879 atque
3407 3809 3493 3862 illa

1906 3905 2087 3959 szcculi
2127 3920 2319 3975 pompa
2367 3905 2592 3974 stipatus
2641 3903 3057 3967 incedercs,sed
3105 3918 3243 3956 nunc
3281 3901 3494 3970 quando

1905 3995 2146 4065 abiecisti
2177 3997 2263 4050 illa
2295 3997 2494 4061 omnia,
2524 4011 2587 4050 ac
2617 3997 2842 4066 teipsum
2876 4003 3042 4049 totum
3069 3994 3177 4048 Deo
3204 3993 3491 4056 devovisti,

1907 4088 2172 4155 pessimus
2203 4095 2252 4140 te
2277 4087 2365 4142 ille
2393 4086 2602 4141 daemon
2631 4087 2842 4151 invasit,
2874 4086 3012 4140 idem
3041 4100 3258 4154 prorsus
3286 4084 3415 4138 facis
3436 4099 3500 4139 ac

1909 4177 1954 4232 si
1981 4177 2262 4232 admireris
2289 4192 2384 4231 cur
2414 4177 2805 4246 spectatoribus
2829 4177 3004 4230 nullus
3046 4177 3303 4229 molestus
3331 4183 3495 4236 esset.

1905 4271 2000 4324 sed
2033 4271 2121 4339 qui
2151 4271 2202 4324 in
2229 4271 2466 4340 pugilum
2490 4284 2714 4325 numero
2740 4270 3040 4341 adscriptas
3065 4271 3497 4339 exercitatusque

1905 4361 1957 4415 in
1985 4371 2256 4416 certamen
2282 4362 2665 4428 descendisset,
2701 4363 2841 4417 hunc
2894 4363 3071 4418 solum
3125 4379 3190 4417 ex
3237 4363 3488 4418 omnibus

1903 4453 2220 4509 colluctator
2285 4464 2603 4522 expeteret,
2655 4455 2960 4525 percutiens
2999 4464 3155 4525 caput
3201 4454 3496 4527 famemque

1904 4545 2211 4600 concidens.
2260 4545 2376 4600 Non
2405 4546 2505 4600 hoc
2533 4561 2662 4617 ergo
2707 4557 2799 4600 aut
2835 4548 3092 4602 miraculo
3123 4557 3213 4602 aut
3257 4564 3493 4605 maerore

1903 4638 2121 4708 dignum
2149 4647 2249 4702 est,
2279 4638 2324 4694 si
2358 4653 2454 4694 nos
2483 4639 2572 4694 ille
2601 4639 2743 4708 pugil
2773 4638 2993 4694 adortus
3021 4639 3218 4709 premit
3237 4650 3290 4693 et
3317 4651 3492 4711 urget,

1903 4730 2102 4798 quippe
2142 4731 2240 4782 ista
2272 4739 2353 4784 est
2379 4730 2722 4799 pugnantium
2767 4729 2901 4784 lex:
2929 4745 3117 4784 verum
3162 4731 3206 4784 si
3236 4731 3325 4785 ille
3355 4731 3492 4802 deji-

1902 4820 2007 4874 ciat
2035 4830 2192 4890 atque
2221 4829 2558 4890 prosternat,
2582 4837 2644 4876 ac
2674 4821 2891 4892 prmmia
2914 4820 3158 4876 laborum
3187 4822 3356 4890 tollat,
3392 4825 3495 4880 hoc

1902 4927 2063 4981 grave
2099 4922 2203 4968 est.
2232 4912 2496 4980 Quamdiu
2520 4929 2656 4969 vero
2697 4930 2800 4968 non
2835 4915 3105 4983 praevalet,
3157 4930 3261 4970 non
3318 4917 3492 4970 solum

1907 5004 2059 5058 nobis
2088 5004 2218 5058 nihil
2252 5006 2453 5069 nocuit,
2509 5005 2603 5061 sed
2649 5004 2849 5075 profuit
2890 5005 3201 5076 plurimum,
3243 5006 3497 5062 conflictu

1905 5096 1998 5151 illo
2021 5111 2120 5151 suo
2147 5113 2354 5153 summa
2382 5099 2536 5154 nobis
2565 5107 2878 5154 ornamenta
2906 5100 3221 5155 concilians.
3253 5098 3496 5170 Namque

1901 5197 1959 5243 et
1983 5188 2036 5244 in
2062 5191 2252 5245 castris
2288 5191 2377 5246 ille
2403 5201 2659 5262 priestare
2684 5193 2896 5249 caeteris
2939 5203 3188 5264 putatur,
3212 5192 3305 5264 qui
3339 5193 3491 5264 plura

1900 5281 2123 5338 vulnera
2154 5298 2262 5354 prae
2288 5298 2346 5338 se
2375 5286 2513 5339 ferre
2551 5293 2748 5355 potest,
2776 5300 2838 5340 ac
2877 5285 3164 5354 singularia
3194 5285 3493 5339 certamina

1899 5373 2155 5432 adversus
2181 5377 2446 5448 quoslibet
2470 5376 2702 5432 hostium
2722 5376 3043 5432 fortissimos
3067 5377 3359 5446 suscipere.
3385 5377 3490 5431 Eos

1899 5469 2082 5528 itidem
2105 5469 2331 5525 athletas
2357 5471 2590 5525 maxime
2611 5471 2886 5536 miramur,
2903 5471 2992 5541 qui
3017 5487 3136 5526 cum
3164 5473 3496 5544 inexpugna-

1899 5563 2095 5618 bilibus
2134 5563 2234 5631 (sic
2280 5563 2423 5617 enim
2461 5562 2732 5632 appellant
2775 5565 3221 5621 contentiosiores
3250 5582 3495 5638 quosque

1899 5654 2268 5725 antagonistas
2292 5654 2311 5725 )
2337 5655 2564 5710 viriliter
2587 5655 3026 5725 congrediuntur.
3055 5656 3162 5713 Sed
3194 5667 3247 5712 et
3275 5667 3498 5714 venator

1900 5745 1989 5801 ille
2015 5745 2248 5800 maxime
2272 5747 2569 5816 praecellit,
2598 5748 2688 5818 qui
2721 5746 3083 5803 ferocissimas
3108 5749 3311 5804 belluas
3341 5751 3494 5805 exci-

1899 5839 1995 5912 pit.
2048 5837 2333 5910 lmpudens
2362 5848 2442 5895 est
2482 5851 2639 5912 atque
2670 5839 3067 5912 imperterritus
3121 5841 3204 5899 hic
3241 5841 3486 5900 daemon:
