4264 6312
784 327 883 382 ῑιΠ

794 447 850 490 at
865 450 964 505 ego
981 444 1259 504 propterea
1277 440 1327 487 te
1348 428 1527 486 mirari
1545 442 1608 483 ac
1627 436 1841 495 stupere
1864 437 1968 478 non
2002 419 2211 485 desino,
2230 414 2371 488 quod

787 523 1087 595 hujusmodi
1132 521 1494 575 adversarium
1532 525 1719 572 nactus
1744 524 1849 567 tam
1880 512 2167 565 violentum
2194 508 2374 578 lapsus

785 632 887 669 non
908 629 986 677 es,
1004 628 1176 683 neque
1190 612 1241 665 in
1257 610 1577 666 deditionem
1598 605 1777 660 venire
1794 598 2055 664 tolerasti,
2075 597 2169 653 sed
2189 598 2373 651 firmus

784 707 1091 778 perstitisti,
1139 704 1277 758 nulla
1326 717 1391 775 ex
1439 707 1586 770 parte
1625 696 1767 751 illius
1793 689 2112 762 improbitati
2151 687 2368 743 cedens.

858 798 948 857 10.
988 798 1155 853 Porro
1195 793 1336 865 quod
1383 808 1488 847 non
1536 784 1842 844 assentandi
1886 782 2061 837 studio
2104 794 2245 834 nunc
2272 778 2372 832 ista

786 890 991 960 loquar,
1016 887 1107 943 sed
1124 885 1266 956 quod
1288 900 1411 940 vere
1428 880 1655 937 maxima
1681 894 1748 935 ex
1768 873 2066 946 hujusmodi
2089 870 2374 924 afflictione

786 980 993 1050 ceperis
1024 980 1404 1041 emolumenta,
1451 983 1656 1045 patere,
1684 984 1887 1041 quaeso,
1915 981 2015 1021 nos
2041 964 2227 1019 fiducia
2260 970 2375 1015 tau-

788 1072 952 1141 tisper
977 1073 1029 1126 in
1074 1068 1339 1142 loquendo
1363 1069 1435 1123 uti
1468 1085 1481 1121 :
1510 1080 1680 1136 neque
1721 1063 1863 1117 enim
1901 1059 2053 1114 aliter
2098 1056 2256 1125 hujus
2295 1050 2376 1109 rei

785 1165 1102 1218 documenta
1149 1161 1340 1215 atferre
1383 1173 1614 1229 possem.
1663 1154 1813 1209 Nosti
1851 1167 1979 1208 sane
2022 1164 2083 1203 ac
2117 1144 2373 1201 memoria

792 1266 941 1311 tenes
962 1256 1193 1326 priorem
1208 1263 1357 1309 tuam
1382 1253 1867 1310 conversationem,
1900 1260 2003 1315 qua
2033 1252 2155 1297 ante
2188 1240 2373 1309 hujus-

793 1348 936 1403 modi
981 1348 1325 1402 tentatiouom
1360 1344 1618 1414 degebas.
1658 1341 1804 1395 lianc
1835 1340 2009 1407 itaque
2046 1335 2203 1389 velim
2250 1330 2373 1387 dili-

720 1442 727 1451 ’
786 1449 975 1509 genter
1010 1438 1304 1503 examines,
1332 1451 1397 1491 ac
1432 1435 1683 1505 praesenti
1710 1448 1812 1503 qua
1836 1446 1974 1485 nunc
1998 1430 2129 1482 vivis
2153 1439 2377 1493 compo-

788 1548 884 1586 nas
918 1549 930 1585 :
956 1530 1161 1585 videbis
1186 1526 1429 1601 profecto
1453 1534 1707 1597 quantum
1740 1522 1868 1577 lucri
1893 1536 1959 1575 ex
1988 1520 2089 1574 isto
2125 1514 2375 1572 conflictu

785 1630 1151 1691 consequutus
1172 1619 1267 1674 sis.
1292 1618 1443 1675 Nunc
1470 1618 1610 1672 enim
1636 1614 1872 1684 jejuuiis,
1896 1610 2110 1681 vigiliis,
2140 1606 2374 1672 lectioni,

786 1714 1225 1783 orationibusque
1305 1711 1574 1782 perpetuis
1641 1706 1990 1763 intentissime
2066 1700 2325 1756 incumbis
2358 1740 2375 1765 ,

785 1808 1207 1876 gravitatemque
1241 1813 1295 1858 et
1337 1803 1686 1857 humilitatem
1725 1798 2051 1855 excellenter
2077 1808 2378 1862 consequu-

795 1907 877 1952 tus
912 1912 971 1953 es
992 1914 1010 1951 :
1038 1906 1193 1951 antea
1218 1896 1364 1951 nulla
1412 1894 1505 1948 tibi
1551 1893 1802 1947 librorum
1834 1889 1992 1953 ratio.
2018 1885 2114 1945 sed
2144 1885 2377 1941 studium

799 2004 959 2044 omne
1000 1998 1053 2043 et
1076 1988 1314 2042 laborem
1341 1986 1567 2058 pomarii
1603 1984 1883 2039 arboribus
1911 1981 2222 2035 devoveras.
2268 1983 2377 2031 Au-

790 2081 897 2135 divi
922 2095 1024 2151 ego
1051 2089 1176 2136 tunc
1200 2081 1475 2149 plurimos.
1522 2078 1610 2148 qui
1645 2087 1694 2131 te
1729 2076 2090 2145 objurgantes,
2121 2085 2378 2140 arrogan-

794 2182 899 2226 tem
953 2187 1017 2227 ac
1068 2173 1356 2241 superbum
1416 2170 1697 2236 dicerent,
1759 2178 1917 2237 atque
1969 2167 2021 2219 in
2082 2166 2179 2219 hac
2230 2171 2381 2234 parte

799 2263 1127 2317 noliilitatem
1150 2262 1389 2332 generis,
1443 2260 1714 2330 patrisque
1738 2258 2134 2321 claritudinem,
2152 2263 2212 2325 ,ει
2237 2253 2378 2324 quod

792 2355 845 2410 in
875 2357 1064 2424 opibus
1110 2354 1350 2425 plurimis
1379 2355 1566 2409 fuisses
1603 2353 1877 2418 educatus,
1905 2359 2249 2406 causarentur
2282 2366 2295 2401 :
2326 2348 2377 2403 in

790 2449 983 2518 vigiliis
1007 2464 1135 2504 vero
1159 2464 1316 2519 quam
1350 2457 1472 2502 tunc
1502 2447 1774 2517 negligens
1802 2446 1986 2507 fueris,
2034 2445 2145 2513 ipse
2192 2442 2380 2497 melius

792 2542 953 2596 nesti.
986 2540 1139 2609 Stepe
1166 2542 1309 2595 enim
1339 2540 1456 2593 aliis
1488 2539 1743 2607 profunda
1792 2546 1948 2591 nocte
1989 2536 2166 2589 statim
2195 2549 2380 2589 exsur-

793 2633 1041 2703 gentibus
1062 2633 1173 2701 ipse
1196 2634 1344 2702 gravi
1370 2646 1558 2685 somno
1594 2644 1801 2685 mersus
1823 2627 2150 2692 dormiebas,
2181 2634 2379 2681 etcum

796 2733 849 2779 te
905 2723 994 2777 alii
1047 2723 1343 2777 excitarent
1388 2721 1769 2791 indignabaris.
1832 2721 1903 2775 At
1968 2734 2110 2773 nunc
2160 2734 2225 2773 ex
2274 2732 2381 2788 quo

796 2813 995 2869 bellum
1036 2812 1137 2866 hoc
1174 2821 1230 2867 et
1282 2828 1507 2882 pugnam
1561 2812 1804 2873 subiisti,
1854 2809 1942 2863 illa
1983 2808 2159 2864 omnia
2210 2808 2380 2863 soluta

794 2913 939 2970 sunt,
965 2911 1124 2973 atque
1152 2905 1201 2956 in
1222 2902 1414 2955 melius
1439 2910 1660 2954 mutata.
1691 2900 1843 2968 Quod
1883 2900 1927 2953 si
1974 2912 2181 2968 quaeras
2208 2913 2273 2951 ex
2298 2914 2383 2951 me

793 2994 1167 3065 quamobrem,
1208 3009 1331 3048 cum
1359 2993 1411 3046 in
1438 2992 1646 3047 deliciis
1672 3006 1881 3058 ageres,
1924 3005 1987 3045 ac
2016 2989 2197 3044 mundi
2225 2989 2383 3043 rebus

794 3087 1014 3142 omnino
1068 3088 1301 3141 intentus
1344 3100 1529 3148 esses,
1580 3100 1686 3138 non
1754 3092 1882 3147 tunc
1928 3082 2020 3136 tibi
2082 3082 2381 3136 daemonem

796 3180 954 3234 istum
1003 3178 1284 3233 immiserit
1328 3178 1489 3240 Deus,
1542 3176 1670 3231 illud
1719 3191 1819 3244 ego
1860 3173 2233 3244 respondebo,
2276 3174 2387 3228 ‘boc

795 3285 1007 3340 quoque
1036 3270 1176 3325 illius
1205 3279 1381 3323 actum
1423 3284 1544 3323 esse
1590 3268 1941 3337 providentia.
1987 3266 2199 3321 Sciebat
2244 3265 2384 3319 enim

800 3373 926 3417 tunc
955 3371 1009 3417 te
1060 3362 1403 3426 imbecillum,
1445 3361 1804 3431 superandum
1852 3360 2022 3423 facile,
2081 3374 2144 3414 ac
2182 3367 2386 3412 mature

803 3456 1116 3521 periturum.
1145 3454 1320 3522 Atque
1357 3452 1475 3507 ideo
1501 3467 1607 3506 non
1655 3454 1835 3506 statim
1890 3450 1957 3505 ad
2006 3450 2145 3507 hanc
2190 3450 2387 3505 luctam

800 3544 1027 3607 vocavit,
1072 3558 1194 3597 cum
1224 3542 1292 3598 ad
1323 3543 1708 3597 monachorum
1739 3543 1897 3595 vitam
1920 3541 2261 3603 accessisses,
2293 3538 2389 3594 sed

799 3633 1041 3691 exerceri
1069 3636 1217 3705 prius
1243 3643 1293 3688 te
1325 3634 1582 3703 permisit,
1626 3649 1691 3687 ac
1721 3633 1931 3701 longum
1962 3647 2121 3702 agere
2144 3640 2385 3700 tempus;

799 3735 1143 3796 posteaquam
1174 3740 1301 3778 vero
1320 3724 1723 3797 robustissimus
1764 3723 1933 3778 factus
1962 3738 2039 3789 es,
2068 3733 2197 3779 tunc
2214 3723 2279 3776 ad
2307 3722 2388 3775 la-

804 3816 1073 3871 boriosum
1095 3814 1196 3870 hoc
1236 3814 1465 3870 stadium
1494 3815 1769 3883 pertraxit.
1813 3814 1999 3868 Adhuc
2025 3814 2180 3883 igitur
2202 3827 2389 3868 eorum

802 3907 889 3975 qui
946 3914 1072 3960 sunt
1118 3906 1171 3960 in
1218 3905 1414 3960 sarculo
1454 3916 1775 3961 mentionem
1823 3903 1997 3971 facis,
2032 3904 2391 3974 famulumque

804 4010 949 4052 tuum
995 3999 1047 4052 in
1092 3998 1324 4051 medium
1374 3997 1596 4052 adducis
1626 4016 1640 4053 :
1670 3998 1816 4052 illum
1845 3999 1987 4053 enim
2019 4007 2072 4053 te
2093 3998 2392 4068 significare

804 4093 1033 4147 voluisse
1060 4106 1203 4157 reor,
1232 4106 1354 4145 cum
1380 4091 1590 4147 diceres
1636 4092 1891 4161 plurimos
1921 4091 2204 4146 saeculares
2226 4092 2389 4158 viros,

807 4198 928 4239 cum
965 4184 1017 4237 in
1047 4184 1187 4237 hunc
1213 4182 1454 4237 morbum
1484 4182 1813 4248 incidissent,
1838 4182 2082 4239 celeriter
2104 4192 2265 4252 atque
2307 4180 2393 4235 in-

807 4274 1089 4344 tegerrime
1129 4273 1289 4327 fuisse
1328 4272 1601 4327 liberatos.
1652 4272 1848 4326 Verum
1892 4271 2121 4328 famulus
2164 4282 2307 4337 tuus,
2360 4285 2394 4325 ο

805 4366 1192 4428 amantissime,
1225 4374 1281 4420 et
1315 4373 1573 4435 quotquot
1601 4363 1818 4420 eosdem
1844 4365 2058 4420 subiere
2079 4379 2256 4430 casus,
2286 4378 2393 4417 non

1513 316 1571 371 S.
1610 309 1887 391 .IOANNIS
1922 301 2395 364 CllRYSOSTOMI
2434 301 2753 366 ARCHIEP.
2791 278 3333 367 CONSTANTINOP.

3969 302 4064 358 448

2479 416 2668 479 eadem
2693 441 2756 480 ex
2777 440 2936 481 causa
2962 442 3082 481 cum
3106 425 3409 497 huiusmodi
3438 425 3583 480 malo
3612 423 3900 479 conflict-ui
3932 432 4069 486 sunt,

2480 531 2583 585 qua
2630 526 2682 570 tu
2734 518 2912 571 modo.
2964 518 3040 573 illi
3092 520 3237 575 enim
3264 520 3562 574 accieteris
3609 518 3874 572 similibus
3904 516 4073 569 solum

2484 608 2719 664 terrendi
2742 625 2921 675 causa,
2951 621 3007 665 ut
3026 626 3089 666 ex
3119 610 3422 678 huiusmodi
3450 611 3642 666 timore
3685 610 3941 665 meliores
3985 606 4077 661 tie-

2485 709 2622 765 rent,
2643 700 2778 755 banc
2796 699 3023 756 belluam
3050 702 3270 755 immisit
3286 703 3453 769 Deus;
3479 702 3571 756 tibi
3590 716 3715 755 vero
3732 710 3789 755 ut
3814 713 4083 769 pugnares

2482 790 2697 849 fortiter
2737 803 2793 850 et
2830 804 3051 851 strenue
3075 812 3139 852 ac
3164 798 3427 863 vinceres,
3474 811 3836 867 corOnamque
3866 798 4083 866 patien-

2482 884 2570 940 tiae
2600 886 2851 944 referres.
2902 887 3072 943 Porro
3114 889 3335 944 victoria
3390 898 3514 943 tunc
3539 898 3641 953 est,
3673 905 3780 943 non
3808 904 3930 941 cum
3963 887 4083 956 quis

2480 977 2655 1033 adhuc
2679 980 2888 1035 theatro
2913 990 3212 1048 constante,
3238 982 3487 1037 luctando
3508 982 3737 1050 seipsum
3770 980 4085 1036 adversario

2481 1070 2767 1136 subducit,
2822 1072 2918 1127 sed
2964 1089 3088 1128 cum
3123 1089 3182 1130 se
3219 1074 3286 1128 ad
3337 1074 3789 1144 congrediendum
3834 1081 4083 1143 paratum

2485 1161 2733 1217 luctatori
2762 1178 2974 1233 semper
3004 1166 3194 1231 offert,
3227 1167 3318 1237 qui
3344 1167 3680 1222 adversarius
3701 1167 3965 1222 absurdas
3984 1182 4083 1220 co-

2482 1254 2765 1323 gitationes
2789 1258 2805 1288 ¹
2831 1272 2939 1326 prae
2960 1274 3192 1314 mcerore
3211 1275 3499 1330 suggerens
3519 1259 3644 1315 nihil
3676 1261 3932 1331 perficere
3954 1275 4087 1329 pos-

2482 1347 2569 1398 sit.
2602 1345 2753 1413 Quod
2790 1362 2918 1404 vero
2958 1364 3045 1403 res
3082 1351 3153 1405 ita
3188 1366 3247 1406 se
3292 1351 3503 1419 habeat,
3547 1352 3623 1407 sic
3662 1353 3826 1422 probe
3864 1352 4087 1422 colligo.

2482 1434 2708 1492 Constat
2738 1440 2976 1509 profecto
3002 1440 3271 1507 omnibus,
3300 1444 3690 1514 quantumlibet
3716 1456 3767 1497 tu
3786 1452 3837 1499 te
3860 1460 3959 1515 per
3985 1446 4090 1497 hu-

2486 1530 2761 1585 militatem
2788 1531 3027 1600 dejicias,
3074 1548 3103 1587 a
3152 1538 3293 1589 servi
3339 1536 3413 1588 tui
3445 1536 3550 1589 vita
3593 1544 3735 1589 tuam
3769 1537 4093 1607 longissime

2484 1620 2719 1685 diﬂ‘erre,
2750 1638 2813 1677 ac
2828 1638 2953 1679 esse
2978 1626 3290 1681 meliorem:
3311 1626 3421 1682 Deo
3442 1629 3618 1699 itaque
3640 1629 3808 1697 major
3824 1631 3899 1681 tui
3919 1642 4091 1698 quam

2486 1711 2628 1765 illius
2656 1726 2783 1767 cura
2807 1714 2878 1766 sit
2906 1729 3129 1770 necesse
3152 1726 3254 1770 est.
3283 1716 3392 1771 lloc
3413 1732 3533 1773 cum
3553 1720 3725 1791 palam
3754 1720 3841 1784 sit,
3870 1719 3921 1773 id
3950 1736 4095 1789 quo—

2484 1818 2590 1869 que
2609 1804 2858 1863 similiter
2883 1810 3148 1864 constabit
3174 1828 3186 1863 :
3214 1824 3404 1883 nempe
3426 1812 3469 1867 si
3498 1821 3640 1868 esset
3663 1812 3768 1866 odii
3800 1813 4094 1882 permissio

2487 1888 2919 1969 illa,numquam
2941 1901 3182 1972 profecto
3216 1904 3264 1959 ei
3291 1919 3448 1974 quem
3481 1908 3646 1976 magis
3662 1904 3906 1977 diligeret
3937 1905 4094 1962 illam

2485 1989 2743 2055 auxisset,
2773 2000 3056 2061 postquam
3082 2010 3204 2048 eum
3232 1995 3321 2064 qui
3344 1996 3500 2067 longe
3522 1994 3693 2052 fuerat
3714 1998 3949 2052 deterior
3977 2009 4091 2053 tam

2486 2080 2594 2135 cito
2622 2080 2855 2137 daemoni
2902 2082 3189 2154 eripuerat.
3217 2086 3398 2157 Neque
3422 2088 3562 2142 enim
3595 2104 3659 2143 ex
3686 2088 3786 2145 hoc
3813 2091 3994 2144 solum
4039 2092 4095 2145 id

2476 2176 2933 2241 asseveraverim,
2954 2178 3049 2232 sed
3072 2194 3137 2233 ex
3160 2180 3353 2249 quibus
3369 2196 3399 2234 a
3424 2181 3533 2235 Deo
3550 2191 3602 2236 te
3615 2182 3881 2235 desertum
3902 2193 4088 2253 putas,

2486 2282 2552 2321 ex
2577 2268 2657 2322 eis
2676 2270 2909 2324 maxime
2938 2271 3015 2325 illi
3053 2287 3235 2327 curam
3265 2274 3337 2327 tui
3380 2290 3643 2329 summam
3680 2291 3801 2331 esse
3848 2277 4095 2331 conabor

2486 2360 2794 2416 ostendere.
2830 2362 2962 2417 Nam
2988 2364 3033 2419 si
3059 2382 3164 2419 non
3188 2368 3576 2423 studiosissime
3605 2381 3793 2424 cuncta
3828 2370 4097 2426 hactenus

2486 2452 2711 2521 egisses,
2744 2455 2788 2508 si
2817 2470 2925 2510 non
2949 2457 3408 2527 peregrinationes
3435 2460 3769 2530 longinquas,
3799 2471 3855 2514 ut
3884 2464 4095 2517 sanctis

2489 2544 2595 2599 illis
2624 2547 2750 2603 viris
2779 2548 2845 2603 ad
2882 2549 3145 2620 ejusmodi
3186 2552 3440 2608 solvenda
3461 2554 3669 2608 vincula
3702 2556 4096 2625 potentiSsimis

2487 2639 2910 2707 congredereris,
2961 2644 3309 2711 suscepisses,
3358 2648 3552 2699 merito
3597 2646 3823 2702 fortasse
3869 2649 4093 2718 quidam

2489 2729 2839 2813 dubitassem,
2872 2749 2991 2789 cum
3019 2752 3124 2790 non
3140 2738 3270 2791 satis
3284 2750 3462 2807 aperta
3482 2736 3749 2793 videretur
3771 2756 3890 2795 esse
3901 2756 4091 2806 causa,

2488 2842 2585 2881 cur
2612 2835 2813 2882 tantum
2850 2831 3107 2900 temporis
3136 2840 3186 2885 te
3214 2833 3488 2901 reliquerit
3516 2848 3531 2887 :
3560 2843 3739 2901 postea
3766 2849 3894 2889 vero
3926 2850 4095 2903 quam

2489 2926 2781 2989 martyrum
2819 2918 2933 2973 loca
2960 2922 3210 2990 frequens
3239 2921 3445 2986 adiisti,
3498 2922 3585 2976 tibi
3639 2923 3850 2991 plurimi
3909 2940 3977 2979 ex
4031 2927 4097 2979 iis

2490 3024 2723 3079 quoque.
2755 3011 2845 3080 qui
2872 3010 3119 3066 homines
3142 3013 3491 3079 devorabam,
3523 3029 3665 3083 smpe
3709 3016 3877 3068 sanati
3927 3024 4059 3071 sunt
4079 3059 4095 3079 ,

2495 3101 2887 3170 plurimumque
2934 3106 3187 3173 temporis
3213 3106 3352 3175 apud
3384 3108 3527 3162 viros
3576 3109 3699 3162 illos
3729 3109 4004 3165 mirabiles
4030 3126 4099 3167 ac

2494 3198 2916 3264 strenuissimos,
2946 3200 3037 3268 qui
3062 3202 3393 3256 curationem
3426 3184 3712 3272 numquam
3737 3202 3936 3260 frustra
3970 3216 4097 3259 ten-

2497 3296 2754 3355 tnverant,
2787 3289 3000 3360 degisti,
3036 3292 3273 3363 nihilque
3304 3295 3523 3348 omnino
3550 3297 3797 3358 omisisti,
3850 3298 3995 3367 quod
4024 3300 4096 3353 ad

2495 3378 2632 3435 hanc.
2662 3381 3027 3437 liberationem
3059 3384 3303 3439 conferre
3333 3401 3488 3454 posse
3514 3386 3616 3439 ulla
3640 3389 3847 3441 ratione
3880 3388 4100 3443 tidere-

2495 3480 2601 3538 tur,
2638 3488 2989 3546 reversusque
3010 3490 3069 3529 es
3100 3475 3274 3531 ferens
3301 3488 3473 3530 tecum
3524 3478 3813 3545 inimicum,
3846 3492 4101 3549 apertum

2494 3578 2558 3620 ac
2609 3566 2965 3622 certissimum
3009 3567 3201 3622 divina:
3250 3569 3390 3624 circa
3434 3580 3484 3625 te
3530 3572 3876 3639 providentiae
3928 3572 4103 3627 docu-

2495 3666 2737 3713 mentum
2764 3659 2840 3713 eis
2863 3674 3071 3728 quoque
3101 3661 3190 3729 qui
3223 3659 3374 3715 valde
3402 3661 3708 3731 insipientes
3729 3672 3854 3718 sunt
3874 3666 4102 3733 ςοηεμίο

2495 3765 2653 3804 cuum
2685 3750 2931 3805 retulisti.
2958 3750 3259 3821 Numquam
3306 3754 3448 3807 enim
3492 3753 3731 3822 profecto
3761 3764 3964 3810 tantam
3994 3758 4101 3809 ini-

2497 3842 2785 3913 pedivisset
2836 3844 2974 3899 Deus
3015 3846 3261 3914 gratiam,
3307 3861 3594 3916 numquam
3642 3861 3825 3901 servos
3866 3863 3996 3901 suos
4029 3850 4103 3902 ita

2499 3936 2699 4007 pudore
2721 3936 2951 3991 sufl‘undi
2977 3953 3162 4007 passus
3188 3947 3352 4003 esset,
3377 3939 3475 3993 nisi
3503 3939 3553 3992 id
3584 3949 3686 3993 ture
3711 3949 3768 3997 et
3796 3940 4103 4009 probationi

2498 4038 2552 4083 et
2581 4028 2791 4082 utilitati
2823 4028 3168 4084 vehementer
3211 4030 3464 4099 expedire
3504 4031 3863 4101 cognovisset.
3913 4030 4106 4102 itaque

2500 4120 2642 4189 quod
2694 4120 2887 4174 divinae
2934 4119 3300 4175 derelictionis
3357 4122 3569 4191 signum
3609 4121 3855 4184 videtur,
3903 4121 3956 4177 id
3983 4122 4107 4193 ejus

2500 4211 2832 4268 summiinte
2864 4211 3087 4267 aﬂ‘ectus
3115 4222 3171 4268 et
3212 4214 3414 4268 amoris
3447 4223 3529 4269 est
3554 4223 3953 4285 argumentum.

2564 4368 2579 4400 ¹
2606 4365 2747 4416 savii.
2776 4372 2829 4417 et
2848 4367 2980 4417 Coib.
3006 4367 3210 4428 habent,
3241 4367 3617 4420 inmobiles
3639 4368 3971 4432 cogitationes.

1276 4579 2101 4697 mansuem
2172 4583 2431 4694 AD
2508 4579 3599 4727 STAGIRIUM,

1485 4730 1704 4806 QUOD
1745 4730 2147 4795 TRISTITIA
2190 4728 2554 4791 DJEMONE
2597 4728 2772 4791 IPSO
2813 4729 2936 4790 SIT
2982 4728 3372 4792 GRAVIOB.

1742 4828 2217 4938 LIBER
2286 4826 3150 4936 SECUNDUS.

884 5001 935 5055 1.
983 4997 1049 5053 Et
1087 4997 1188 5053 ista
1230 4996 1445 5067 quidem
1486 4993 1554 5050 de
1589 4994 1685 5049 Dei
1719 4993 2073 5063 providentia,
2118 5003 2280 5063 utque
2315 4994 2404 5048 ille

813 5105 919 5144 non
958 5103 1210 5142 aversaris
1237 5097 1292 5143 et
1320 5100 1630 5149 exsecraris,
1664 5086 1762 5141 sed
1790 5095 1844 5139 et
1873 5084 2156 5139 admodum
2178 5086 2407 5155 diligens

813 5178 915 5234 hoc
945 5188 995 5233 te
1022 5189 1270 5232 exerceat
1293 5179 1475 5245 modo,
1498 5177 1697 5232 dixisse
1716 5173 1961 5231 Sufﬁciat.
1992 5176 2251 5244 Quoniam
2274 5192 2407 5233 vero

813 5271 917 5325 alia
947 5273 1109 5327 etiam
1132 5288 1199 5325 ex
1241 5282 1389 5340 parte
1436 5270 1776 5325 vehementer
1807 5278 1858 5323 te
1895 5270 2014 5339 angi
2060 5279 2277 5339 questus
2323 5284 2403 5337 es,

814 5361 955 5431 quod
1004 5377 1371 5430 smpenomero
1420 5362 1629 5416 dmmon
1682 5362 1764 5416 vel
1815 5362 2038 5431 pelago,
2088 5363 2169 5417 vel
2216 5363 2408 5432 praeei-

819 5452 985 5522 pitio,
1036 5452 1119 5506 vel
1172 5454 1277 5506 alio
1325 5454 1515 5522 quovis
1558 5452 1649 5507 leti
1699 5467 1894 5520 genere
1949 5451 2112 5505 vitam
2157 5452 2249 5507 tibi
2297 5452 2407 5507 eri-

816 5557 943 5611 pere
1002 5542 1255 5609 suadeat,
1305 5558 1401 5613 age
1448 5543 1514 5599 de
1566 5540 1873 5611 huiusmodi
1936 5557 2148 5613 quoque
2201 5543 2409 5614 cogita-

818 5634 1050 5689 uonibus
1107 5635 1292 5705 paucis
1360 5635 1708 5690 dhseramus.
1787 5632 1969 5704 Neque
2034 5635 2178 5691 enim
2244 5635 2411 5691 solius

818 5726 1075 5785 damonis
1116 5735 1199 5783 est
1240 5726 1367 5783 illud
1403 5727 1718 5794 consilium,
1767 5725 1860 5783 sed
1914 5726 2074 5783 etiam
2120 5728 2406 5785 mmroris:

2510 4992 2617 5046 imo
2645 5006 2776 5046 vero
2805 4992 2921 5060 plus
2949 4991 3195 5047 maeroris
3217 5007 3374 5062 quam
3401 4993 3683 5063 daemonis,
3713 4996 3945 5055 fortasse
3977 5016 4109 5057 vero

2508 5082 2758 5136 mtrroris
2779 5082 2963 5135 solius.
2998 5082 3050 5135 Id
3082 5098 3146 5137 ex
3186 5097 3252 5137 eo
3284 5083 3521 5154 profecto
3560 5097 3789 5155 constat,
3823 5092 3964 5160 quod
3988 5095 4110 5164 plu-

2510 5173 2631 5228 rimi
2673 5174 2834 5227 etiam
2864 5174 2931 5228 ab
2975 5174 3280 5242 hujusmodi
3327 5175 3678 5233 insectatione
3729 5179 3880 5235 liberi
3915 5198 3979 5236 ex
4003 5184 4100 5237 do.

2511 5264 2625 5319 lore
2652 5264 2769 5329 solo
2808 5263 2923 5319 hrec
2948 5265 3268 5319 deliberant.
3309 5265 3460 5320 Hunc
3501 5268 3659 5337 igitur
3696 5285 3761 5324 ex
3793 5273 3976 5327 animo
4015 5282 4109 5331 tuo

2512 5354 2632 5427 fuga
2656 5371 2719 5412 ac
2746 5357 2959 5426 penitus
2979 5356 3215 5423 elimiua,
3244 5372 3307 5412 ac
3349 5359 3550 5413 nullam
3587 5360 3691 5415 vim
3723 5362 3974 5432 deinceps
4020 5366 4099 5419 illi

2514 5450 2747 5513 habebit,
2776 5465 2882 5504 non
2911 5450 3082 5504 solum
3113 5450 3177 5505 ad
3205 5452 3634 5520 persuadendum
3670 5454 3793 5520 ista,
3823 5470 4009 5509 verum
4042 5472 4115 5513 ne

2514 5542 2582 5597 ad
2628 5542 3014 5613 suggerendum
3046 5542 3283 5613 quidem.
3333 5544 3483 5600 Nunc
3520 5546 3718 5617 quippe
3763 5548 4113 5618 quemadmo-

2515 5634 2643 5691 dum
2669 5636 2705 5690 ii
2747 5635 2836 5706 qui
2886 5636 3113 5703 parietes
3157 5636 3467 5701 suffodiunt,
3502 5638 3673 5693 nectis
3704 5648 3974 5710 tempore,
4011 5657 4111 5697 ex-

2518 5730 2713 5786 stincto
2765 5729 2997 5798 lumine,
3037 5740 3092 5787 et
3121 5730 3280 5786 furari
3328 5746 3491 5801 opes,
3542 5741 3593 5787 et
3640 5746 3823 5788 earum
3870 5732 4108 5791 domino;
