4264 6312
161 383 273 441 4.57

168 496 330 567 οὗτος
359 502 389 556 ό
418 500 662 573 δαίμων;
709 501 797 555 διὰ
839 499 997 555 τοῦτό
1041 518 1101 555 σε
1133 499 1567 572 ἐκπληττόμενος
1601 502 1698 554 καὶ
1730 499 1864 554 θαυ-

176 591 369 662 μάζων
411 592 475 645 οὐ
507 591 775 662 παύομαι,
801 592 883 644 ὅτι
934 590 1073 663 πρὸς
1108 578 1350 647 τοιοῦτον
1388 590 1692 663 κληρωθεὶς
1734 590 1867 644 ἀντ-

171 682 505 751 ἀγωνιστὴν.
539 682 600 734 οὐ
648 680 967 745 κατέπεσες,
995 680 1117 734 οὐδὲ
1155 678 1426 746 ἐξέδωκας
1458 680 1685 734 σεαυτὸν
1704 717 1721 745 ,
1749 676 1867 733 ἀλλ’

169 768 404 840 ῑμεινας
436 768 662 838 ἀκλινὴς
701 768 1014 839 μηδαμόθεν
1047 768 1535 841 περιτρεπόμενος.

249 857 305 910 ι’.
338 856 448 911 Καὶ
466 858 549 911 ὃτι
578 873 634 910 σε
666 857 727 909 οὐ
756 856 1064 919 κολακεύων
1091 857 1268 911 ταῦτα
1280 857 1433 925 λέγω
1445 856 1715 921 νῦν,ἀλλά
1734 855 1869 928 ἀλη·

170 944 287 1011 θῶς
320 944 389 997 τὰ
442 944 677 1015 μέγιστα
718 945 826 997 ἀπὸ
857 945 955 1016 τῆς
1004 944 1237 1014 θλίψεως
1280 944 1485 1015 ταύτης
1531 943 1883 1016 ἐκαρπώσωι

168 1031 414 1101 ἀνάσχου
455 1030 595 1102 μετά
625 1030 940 1103 παρρησίας
972 1031 1240 1100 λεγόντων
1274 1030 1432 1102 ἡμῶν
1461 1047 1474 1060 ·
1509 1031 1629 1084 οὐδὲ
1658 1030 1769 1101 γάρ
1800 1030 1871 1085 ἂν

169 1118 352 1182 ἄλλως
379 1118 648 1190 δυναίμην
684 1120 877 1173 τούτου
915 1121 1222 1191 παρασχεῖν
1252 1117 1351 1191 τὴν
1380 1118 1676 1185 ἀπόδειξιν.
1697 1115 1870 1173 Οἷσθά

172 1224 281 1261 που
309 1207 405 1261 καὶ
432 1208 713 1280 μέμνησαι
740 1208 840 1279 τὴν
861 1206 1135 1280 προτέραν
1166 1223 1262 1260 σου
1291 1206 1593 1278 διαγωγὴν,
1629 1205 1728 1279 τὴν
1761 1206 1869 1278 πρὸ

166 1294 368 1349 τούτου
394 1295 538 1365 λέγω
562 1294 657 1350 τοῦ
677 1295 988 1368 πειρασμοῦ
1004 1313 1018 1326 ·
1040 1294 1192 1369 [178]
1214 1295 1411 1350 οὐκοῦν
1441 1296 1695 1363 ἐξέτασον
1725 1295 1871 1349 ἐκεί·-

168 1400 273 1454 νην
320 1382 523 1449 καλῶς,
555 1385 649 1438 καὶ
681 1385 901 1449 ἀντίθες
929 1387 995 1457 τῇ
1032 1383 1286 1457 παρούσῃ
1334 1386 1401 1455 τῇ
1439 1384 1580 1455 μετά
1628 1384 1721 1437 τὸν
1748 1401 1862 1437 πειο

172 1472 416 1542 ρασμὸν,
459 1473 554 1527 καὶ
582 1472 703 1527 τότε
749 1473 869 1543 ὄψει
910 1473 971 1526 τὸ
1006 1472 1193 1544 κέρδος
1232 1473 1364 1525 ὅσον
1397 1472 1511 1526 ἀπὸ
1545 1471 1750 1543 ταύτης
1784 1489 1871 1526 σοι

166 1559 371 1628 γέγονε
413 1561 515 1632 τῆς
558 1560 899 1632 συμπλοκῆς.
934 1559 1049 1613 Νῦν
1074 1560 1172 1631 μὲν
1210 1559 1319 1631 γάρ
1354 1560 1449 1614 καὶ
1488 1563 1546 1615 ἐν
1594 1560 1870 1632 νηστείαις

166 1651 270 1703 καὶ
305 1650 618 1721 παννυχίσι,
650 1651 746 1703 καὶ
770 1653 837 1722 τῇ
868 1650 999 1721 περὶ
1032 1648 1131 1720 τὴν
1165 1649 1475 1717 ἀνάγνωσιν
1504 1650 1740 1721 σπουδῇ,
1774 1648 1870 1703 καὶ

164 1740 236 1809 τῇ
267 1738 397 1810 περὶ
427 1739 525 1801 τὰς
554 1738 719 1809 εὐχάς
746 1737 1032 1809 καρτερίᾳ,
1068 1736 1239 1807 πολλὴ
1270 1737 1499 1805 γέγονεν
1525 1740 1559 1807 ἡ
1593 1738 1867 1803 ἐπίτασις,

164 1829 269 1881 καὶ
300 1826 362 1880 τό
407 1827 695 1897 ἀδιάχυτον
735 1826 792 1880 δὲ
842 1826 939 1881 καὶ
969 1826 1225 1879 ταπεινὸν
1262 1825 1383 1896 μεθ’
1429 1826 1741 1897 ὑπερϐολῆς
1787 1844 1872 1880 σοι

164 1913 563 1985 κατώρθωται·
601 1913 869 1985 πρότερον
904 1913 961 1967 δέ
995 1930 1080 1967 σοι
1118 1913 1341 1983 βιϐλίων
1373 1912 1531 1982 λόγος
1558 1909 1628 1985 ἦν
1673 1913 1867 1979 οὐδεὶς,

165 2004 325 2055 πᾶσα
373 2002 431 2055 δέ
465 2019 549 2055 σοι
579 2003 801 2073 φροντὶς
834 2002 930 2055 καὶ
962 2003 1125 2066 πόνος
1167 2003 1249 2065 είς
1278 2002 1379 2075 τὴν
1424 2002 1746 2071 ἐπιμέλειαν
1772 2002 1873 2055 ἀν-

160 2090 428 2160 ηλίσκετο
476 2090 586 2144 τῶν
637 2091 695 2148 ἐν
747 2089 827 2161 τῷ
860 2090 1179 2162 παραδείσῳ
1212 2089 1417 2158 φυτῶν.
1450 2089 1670 2143 Πολλῶν
1707 2090 1765 2143 δέ
1809 2107 1872 2143 σε

166 2179 273 2230 καὶ
306 2179 386 2243 εἰς
411 2179 675 2233 ἀπόνοιαν
705 2180 1065 2233 σκωπτόντων
1118 2180 1320 2250 ἤκουον
1364 2178 1525 2243 τότε,
1560 2180 1656 2233 καὶ
1696 2178 1871 2252 ταύτῃ

162 2264 270 2337 τὴν
304 2264 400 2320 τοῦ
436 2266 628 2334 γένους
678 2261 1023 2338 αἰτιωμένων
1053 2267 1419 2340 λαμπρότητα
1440 2306 1457 2330 ,
1508 2268 1604 2321 καὶ
1636 2268 1737 2339 τὴν
1774 2269 1872 2322 τοῦ

164 2353 379 2423 πατρὸς
402 2352 583 2418 δόξαν,
624 2354 720 2407 καὶ
751 2355 815 2407 τὸ
844 2356 901 2407 ἐν
940 2354 1160 2426 πλούτῳ
1188 2354 1492 2427 τετράφθαι
1523 2355 1703 2426 πολλῷ
1728 2372 1743 2388 ο
1770 2357 1873 2428 τὴν

161 2438 224 2492 δὲ
262 2441 322 2492 ἐν
356 2443 478 2504 ταῖς
515 2440 805 2512 παννυχίσι
838 2441 1112 2514 ρᾳθυμίαν
1145 2443 1243 2496 καὶ
1276 2442 1443 2507 αὐτὸς
1476 2437 1625 2505 οἶδας
1660 2442 1870 2510 σαφῶς.

167 2526 445 2592 Πολλάκις
478 2528 589 2601 γὰρ
614 2530 792 2584 ἄλλων
819 2531 957 2601 μετά
991 2531 1091 2603 τὴν
1126 2531 1349 2603 βαθεῖαν
1374 2532 1616 2603 ἑσπέραν
1649 2531 1875 2584 ἀνιστα-

166 2615 354 2686 μένων
401 2616 627 2681 εὐθέως,
664 2618 827 2681 αὐτὸς
876 2618 1069 2688 ἔμενες
1110 2619 1265 2690 ὕπνῳ
1298 2619 1662 2692 κατεχόμενος
1694 2618 1872 2690 βαθεῖ,

162 2703 266 2757 καὶ
314 2703 453 2775 πρὸς
503 2704 632 2769 τοὺς
676 2704 1045 2776 διεγείροντας
1101 2705 1504 2778 ἐδυσχέραινες.
1562 2706 1727 2759 Ἀλλά
1778 2705 1873 2761 νῦν

162 2790 351 2844 πάντα
398 2790 617 2845 λέλυται
668 2794 889 2854 ἐκεῖνα.
943 2793 1038 2848 καὶ
1092 2795 1231 2867 πρὸς
1279 2794 1339 2848 τὸ
1383 2793 1591 2865 βέλτιον
1638 2796 1874 2867 μεταϐέ-

162 2877 396 2948 ϐληται,
437 2879 499 2944 ἐξ
546 2874 608 2934 οὗ
654 2882 755 2953 τὴν
811 2881 992 2952 μάχην
1039 2885 1133 2937 καὶ
1191 2881 1285 2936 τὸν
1336 2883 1578 2954 πόλεμον
1639 2885 1875 2949 ἀνεδέξω

159 2965 376 3021 τοῦτον.
415 2967 478 3020 Et
524 2967 581 3021 δὲ
628 2968 774 3040 ἐροιό
829 2987 919 3039 με,
966 2970 1021 3023 τί
1055 2970 1257 3043 δήποτέ
1288 2958 1394 3024 ’σοι
1450 2970 1731 3044 τρυφῶντι
1779 2972 1875 3027 καὶ

162 3054 309 3124 πρὸς
354 3055 422 3109 τὰ
472 3055 568 3109 τοῦ
625 3058 832 3127 κόσμου
889 3058 1193 3130 πράγματα
1246 3060 1584 3131 ἐπτοημένῳ
1637 3061 1698 3114 οὐ
1750 3079 1877 3114 συν-

161 3141 449 3213 εχώρησεν
486 3145 807 3213 ἀντιστῆναι
842 3146 932 3199 τὸν
962 3146 1195 3218 δαίμονα
1226 3146 1417 3201 τοῦτον
1445 3150 1472 3201 ό
1502 3147 1657 3212 Θεὸς,
1699 3150 1878 3203 ἐκεῖνο

162 3232 237 3285 ἂν
268 3233 673 3304 ἀποκρινοίμην
710 3233 853 3303 ἐγὼ,
888 3237 972 3289 ὅτι
1006 3236 1103 3289 καὶ
1140 3235 1304 3289 τοῦτο
1346 3237 1447 3308 τῆς
1492 3237 1661 3292 αὐτοῦ
1710 3238 1875 3309 κηδε-

164 3322 363 3393 μονίας
413 3318 520 3393 ἦν’
572 3323 689 3394 ᾔδει
736 3325 848 3396 γάρ
896 3326 979 3380 ὅτι
1029 3343 1090 3379 σε
1122 3326 1246 3380 τότε
1277 3326 1755 3396 εὐκαταγώνιστον
1780 3328 1876 3380 εὑ-

162 3411 281 3481 ρὼν
315 3413 527 3482 ταχέως
554 3413 768 3466 ἀπολεῖ.
793 3415 894 3468 Διά
926 3414 1088 3468 τοῦτο
1113 3416 1234 3469 οὐδὲ
1262 3416 1470 3480 εὐθέως
1496 3416 1594 3470 ἐπὶ
1624 3416 1717 3469 τὸν
1761 3416 1874 3471 τῶν

166 3498 421 3569 μοναχῶν
452 3499 679 3554 ἐλθόντα
708 3501 820 3572 βίον
845 3504 981 3574 πρὸς
1006 3503 1105 3576 τὴν
1137 3504 1317 3575 πάλην
1346 3503 1559 3573 ταύτην
1586 3504 1870 3571 ἐκάλεσεν,

161 3586 283 3640 ἀλλ’
332 3588 544 3656 ἀφῆκεν
587 3593 1037 3662 ἐγγυμνασθῆναι
1071 3596 1166 3648 καὶ
1199 3593 1394 3665 χρόνον
1432 3594 1727 3664 ἀναμεῖναι
1760 3612 1870 3669 ματ

161 3674 324 3745 κρὸν,
353 3669 453 3727 εἷθ’
484 3677 571 3729 ὅτε
604 3679 1077 3751 καρτερικώτατος
1104 3682 1358 3752 γέγονας,
1389 3682 1695 3754 τηνικαῦτα
1731 3683 1871 3755 πρὸς

160 3761 230 3815 τὸ
289 3763 548 3818 ἐπίπονον
593 3767 754 3821 τοῦτο
798 3768 1013 3824 στάδιον
1051 3770 1325 3827 εἵλκυσεν.
1360 3773 1485 3826 Ἔτι
1522 3766 1616 3825 οὖν
1654 3770 1764 3825 τῶν
1811 3773 1870 3824 ἐν

160 3844 246 3916 τῷ
274 3846 467 3919 κόσμῳ
499 3852 890 3923 στρεφομένων
919 3857 1195 3929 μεμνήσῃ,
1224 3857 1320 3909 καὶ
1344 3855 1438 3909 τὸν
1467 3855 1688 3926 οἰκέτην
1715 3853 1867 3919 ἄξεις

162 3934 247 3999 είς
281 3935 447 4005 μέσον
489 3937 579 3990 τὸν
628 3939 753 3993 σόν⁸
786 3944 996 3995 ἐκεῖνον
1049 3944 1150 4015 μὲν
1178 3945 1288 4016 γάρ
1325 3961 1385 3998 σε
1415 3940 1573 4017 οἶμαι
1629 3944 1866 3999 αἰνίττε-

164 4022 317 4089 σθαι,
371 4025 502 4079 ὅταν
560 4027 728 4101 λέγῃς
778 4030 861 4083 δτι
910 4032 1095 4086 πολλοὶ
1149 4035 1258 4087 τῶν
1323 4034 1597 4104 βιωτικῶν
1655 4032 1868 4103 ἀνδρῶν

160 4109 344 4185 ταύτῃ
378 4117 773 4185 περιπεσόντες
810 4122 877 4191 τῇ
906 4120 1047 4192 νόσῳ
1072 4120 1338 4194 ταχίστης
1376 4124 1474 4176 καὶ
1508 4121 1719 4185 τελείας
1747 4118 1869 4174 ἐτυ-

1081 384 1173 440 Δῐ)
1210 382 1591 440 ετΑοιιιιυιί
1630 384 1673 438 A
1712 380 2025 441 DE-MONE
2067 377 2429 438 VEXATUM.
2474 378 2606 437 LIB.
2650 380 2718 437 ιι.

3568 382 3671 440 us

1973 514 2066 570 χον
2091 496 2436 569 ἀπαλλαγῆς.
2484 497 2626 551 Ἀλλ’
2658 498 2687 551 ό
2720 497 2966 572 οίκέτης,
2999 498 3047 554 ὦ
3091 500 3337 568 φίλτατε,
3382 500 3413 554 ό
3457 498 3554 567 ab:
3576 502 3672 557 καὶ

1969 587 2086 641 ὅσοι
2146 586 2256 640 τῶν
2301 585 2484 639 αὐτῶν
2515 585 2707 658 ἔτυχον
2757 587 2975 659 ἐκείνῳ,
3017 589 3120 643 οὐκ
3168 589 3265 643 ἐπὶ
3330 593 3446 654 τοις
3488 591 3672 656 αὐτοῖς

1970 672 2120 746 αὐτῷ
2163 666 2652 748 προσεπλάκησαν.
2692 668 2891 749 οἷσπερ
2938 677 3034 732 καὶ
3075 679 3139 732 σὺ
3178 677 3276 732 νῦν
3303 693 3317 708 ·
3348 678 3543 750 ἐκείνῳ
3573 679 3673 752 μὲν

1968 762 2082 835 γάρ
2108 763 2201 817 καὶ
2233 765 2347 826 τοῖς
2374 763 2636 827 τοιούτοις
2664 763 2809 837 ὑπερ
2842 764 2937 820 τοῦ
2965 765 3203 838 φοϐῆσαι
3244 766 3428 839 μόνον,
3466 769 3563 822 καὶ
3592 767 3673 841 τῷ

1940 846 2125 918 -φόϐῳ
2175 845 2404 916 ποιῆσαι
2459 845 2723 917 βελτίους,
2776 848 2939 919 τοῦτο
2989 850 3246 922 ἐπαφῆκε
3287 849 3351 905 τὸ
3405 850 3596 924 θηρίον
3640 854 3674 907 ό

1975 935 2111 999 Θεός
2134 951 2146 964 ·
2179 936 2263 988 σοὶ
2295 934 2375 1001 δὲ,
2408 932 2551 988 ὥστε
2591 936 2969 1005 ἀγωνίσασθαι
3004 939 3291 1008 γενναίως,
3328 940 3424 994 καὶ
3449 942 3675 1014 νικῆσαι

1970 1021 2267 1101 λαμπρῶς,
2302 1022 2522 1078 καὶτὸν
2553 1023 2655 1096 τῆς
2708 1025 2990 1097 ὑπομονῆς
3040 1027 3417 1098 ἀναδήσασθαι
3471 1031 3669 1101 στέφα-

1970 1128 2080 1165 νον.
2118 1100 2277 1181 Νίκη
2300 1110 2358 1165 δέ
2402 1112 2573 1177 ἐστιν,
2602 1112 2701 1184 οὐχ
2729 1115 2860 1168 ὅταν
2894 1132 2998 1179 τις,
3034 1116 3129 1169 τοῦ
3156 1116 3392 1189 θεάτρου
3439 1117 3521 1172 ἔτι
3549 1136 3677 1174 συν-

1972 1195 2230 1262 εστῶτος,
2273 1198 2574 1253 παλαίοντα
2617 1201 2784 1255 αὑτὸν
2838 1202 3074 1267 ἑλκύσας
3107 1205 3375 1277 ἀπαγάγῃ
3409 1205 3506 1260 τοῦ
3550 1208 3678 1262 ἀντ-

1972 1288 2311 1356 αγωνιστοῦ,
2364 1288 2481 1341 ἀλλ’
2550 1290 2682 1344 ὅταν
2732 1293 2847 1363 ἀφῇ
2912 1294 3306 1364 συμπλακῆναι
3356 1295 3677 1361 διαπαντὸς,

1971 1373 2092 1430 εἶτα
2125 1377 2377 1431 παλαίων
2404 1377 2498 1431 καὶ
2529 1377 2623 1431 διὰ
2641 1380 2744 1449 τῆς
2774 1379 3017 1451 ἀθυμίας
3047 1383 3127 1443 είς
3146 1381 3476 1454 ἐνθυμήσεις
3499 1396 3526 1425 ι
3552 1384 3679 1438 ἀτό-

1972 1483 2107 1530 πους
2134 1464 2284 1533 ἄγων
2312 1464 2508 1537 ἰσχύσῃ
2540 1465 2730 1537 μηδέν.
2759 1468 2868 1521 Καὶ
2890 1468 2973 1522 ότι
3006 1468 3152 1523 οὑτω
3173 1469 3330 1524 ταῦτ’
3356 1470 3493 1542 ἔχει,
3536 1473 3679 1526 ἐκεῖ·

1972 1552 2065 1607 θεν
2113 1552 2503 1623 συλλογιοῦμαι
2553 1554 2755 1617 καλῶς.
2805 1556 2979 1609 Παντί
3022 1574 3129 1610 που
3176 1558 3335 1629 δῆλόν
3398 1561 3535 1625 ἐστι,
3572 1561 3678 1615 κᾶν

1971 1641 2139 1706 αὐτὸς
2184 1639 2503 1712 μετριάζειν
2553 1641 2768 1714 ἐθέλῃς,
2815 1645 2942 1698 ὅσον
2974 1645 3076 1716 τῆς
3127 1645 3223 1700 τοῦ
3265 1649 3481 1702 οίκέτου
3531 1649 3679 1721 ζωῆς

1978 1727 2205 1799 βελτίων
2232 1731 2267 1799 ἡ
2300 1729 2372 1799 σὴ
2399 1730 2729 1802 διενήνοχεν.
2762 1732 2975 1787 Οὐκοῦν
3002 1736 3098 1788 καὶ
3129 1734 3289 1805 λόγος
3320 1737 3415 1791 σοῦ
3451 1737 3531 1809 τῷ
3556 1737 3681 1809 Θεῷ

1975 1817 2178 1872 πλείων
2221 1818 2315 1872 καὶ
2358 1820 2604 1888 φροντὶς,
2635 1822 2668 1891 ἦ
2710 1815 2943 1897 ἐκείνου.
2979 1822 3186 1877 Τούτου
3211 1826 3268 1879 δὲ
3311 1826 3465 1890 ὄντος
3492 1826 3678 1899 δήλου,

1974 1908 2200 1960 κάκεῖνο
2226 1906 2433 1976 ὁμοίως
2456 1906 2610 1961 ἐσται
2645 1909 2903 1982 φανερὸν,
2934 1912 3018 1965 ὅτι
3052 1913 3103 1965 ει
3142 1913 3337 1983 μίσους
3364 1914 3505 1986 αὕτη
3544 1932 3680 1984 συγ-

1975 1992 2221 2066 χώρησις
2247 1990 2339 2067 ἦν,
2375 1996 2475 2049 οὐκ
2516 1996 2583 2049 ἂν
2620 1998 2702 2061 είς
2737 1998 2798 2051 ὃν
2846 1999 3066 2069 μᾶλλον
3096 2003 3293 2072 ἠγάπα
3335 2003 3546 2075 ταύτην
3589 2006 3682 2070 ἐξ·

1974 2080 2169 2146 έτεινε,
2195 2080 2289 2135 τὸν
2342 2081 2542 2153 ἥττονα
2568 2083 2703 2138 πολὺ
2732 2084 2862 2138 ὄντα
2901 2086 3093 2142 τοῦτον
3119 2090 3333 2160 ταχέως
3360 2090 3458 2144 τοῦ
3486 2092 3681 2163 δαίμοε

1974 2184 2062 2230 νος
2094 2167 2435 2239 ἐξαρπάσας.
2471 2169 2579 2223 Καὶ
2606 2170 2706 2223 οὐκ
2758 2171 2869 2225 ἀπὸ
2891 2174 3087 2227 τούτου
3118 2175 3280 2246 μόνον
3314 2176 3476 2231 τοῦτο
3527 2180 3683 2248 ἰσχυ·

1978 2255 2241 2327 ρισαίμην
2284 2255 2351 2309 ἂν
2386 2256 2584 2326 ἔγωγε,
2621 2257 2759 2312 ἀλλά
2798 2260 2894 2314 καὶ
2927 2261 2987 2328 ἐξ
3023 2262 3229 2330 αὐτῶν,
3254 2258 3330 2317 ὧν
3379 2267 3682 2333 ἐγκαταλε-
3799 2298 3810 2321 ι

1973 2343 2191 2412 λεῖφθαι
2224 2344 2424 2410 δοκεῖς,
2468 2347 2533 2399 ἐκ
2583 2346 2793 2401 τούτων
2841 2349 3101 2421 μάλιστα,
3138 2352 3221 2406 ὅτι
3268 2354 3475 2425 σφόδρα
3527 2355 3683 2425 μέλει

1974 2430 2053 2502 τῷ
2086 2432 2207 2504 Θεῷ
2234 2432 2345 2486 τῶν
2376 2432 2509 2497 σῶν,
2537 2434 2817 2502 ἀποδεῖξαι
2846 2440 3207 2511 πειράσομαι.
3244 2438 3308 2495 Εἰ
3332 2442 3433 2512 μὲν
3454 2442 3566 2519 γὰρ
3606 2444 3683 2515 μὴ

1975 2520 2179 2592 πολλὴν
2206 2522 2452 2592 ἐποιήσω
2486 2524 2746 2596 σπουδὴν,
2773 2526 2910 2597 μηδὲ
2939 2528 3249 2600 ἀποδημίας
3274 2530 3500 2583 ἐστείλω
3528 2530 3681 2603 [179]

1977 2608 2218 2680 μακρὰς,
2256 2609 2399 2664 ὥστε
2442 2613 2805 2682 συγγενέσθαι
2838 2616 3099 2687 ἀνδράσιν
3138 2618 3319 2687 άγίοις
3352 2619 3449 2671 καὶ
3477 2620 3685 2683 ἱκανοῖς

1974 2695 2045 2749 τὰ
2066 2695 2293 2751 τοιαῦτα
2312 2696 2461 2752 λύειν
2485 2700 2682 2771 δεσμὰ,
2698 2702 2830 2766 ἴσως
2848 2702 2915 2757 ἄν
2936 2721 3022 2767 τις
3042 2705 3293 2776 ἠπόρησε
3316 2706 3427 2759 τῶν
3446 2706 3681 2771 πολλῶν,

1976 2783 2038 2836 οὐ
2082 2783 2291 2855 σφόδρα
2338 2784 2436 2857 τῆς
2466 2787 2647 2852 αίτίας
2691 2787 2861 2861 οῦσης
2891 2792 3180 2863 ἐναργοῦς,
3213 2792 3282 2847 δι’
3324 2796 3390 2867 ῆν
3422 2794 3685 2849 τοσοῦτον

1975 2871 2128 2925 εἴασε
2158 2873 2379 2943 χρόνον*
2406 2876 2598 2948 ἐπειδὴ
2628 2878 2686 2932 δὲ
2720 2879 2816 2933 καὶ
2856 2880 3056 2945 τόπους
3101 2883 3397 2954 μαρτύρων
3443 2884 3686 2939 καταλα-

1979 2959 2112 3025 ϐὼν,
2147 2959 2278 3014 ἔνθα
2314 2961 2501 3017 πολλοὶ
2548 2966 2643 3019 καὶ
2672 2966 2782 3020 τῶν
2827 2967 3151 3041 ἀνθρώπους
3185 2970 3477 3027 ἐσθιόντων
3527 2972 3686 3045 ίάθη-

1978 3064 2100 3113 σαν,
2151 3050 2247 3103 καὶ
2294 3053 2409 3113 τοῖς
2454 3052 2790 3124 θαυμαστοῖς
2836 3058 2934 3111 καὶ
2975 3060 3246 3126 γενναίοις
3276 3062 3537 3131 Δἐκείνοις
3589 3063 3685 3117 καὶ

1978 3137 2253 3209 μηδέποτε
2285 3139 2691 3215 διημαρτηκόσι
2749 3146 2920 3201 πολὺν
2951 3148 3093 3220 ὑπὲρ
3127 3152 3319 3203 τούτου
3356 3151 3684 3223 συνῴκησας

1976 3223 2192 3296 χρόνον,
2243 3229 2340 3280 καὶ
2380 3229 2533 3283 οὐδὲν
2578 3226 2717 3296 ὅλως
2758 3235 3085 3307 παραλιπὼν
3128 3237 3239 3291 τῶν
3288 3241 3564 3311 φερόντων
3602 3242 3685 3307 εἰς

1974 3313 2074 3385 τὴν
2100 3311 2199 3367 τοῦ
2231 3314 2439 3381 πάθους
2474 3317 2825 3392 ἀπαλλαγὴν,
2855 3324 3162 3395 ἐπανῆλθες
3198 3310 3373 3380 πάλιν
3393 3328 3486 3381 τὸν
3522 3310 3684 3381 πολέ-

1978 3416 2102 3471 μιον
2133 3399 2275 3471 ἔχων
2312 3402 2453 3473 μετὰ
2493 3406 2719 3472 σαυτοῦ,
2757 3411 3003 3483 φανερὰν
3046 3414 3140 3467 καὶ
3183 3416 3389 3486 ἐναργῆ
3444 3417 3540 3469 καὶ
3572 3417 3687 3480 τοῖς

1982 3489 2189 3561 σφόδρα
2230 3492 2484 3563 ἀνοήτοις
2520 3495 2620 3565 τῆς
2658 3498 2788 3568 περί⁵
2840 3500 2899 3552 σὲ
2937 3500 3077 3554 Θεοῦ
3122 3503 3381 3575 προνοίας
3416 3505 3686 3575 ἐκόμισας

1978 3576 2077 3649 τὴν
2106 3578 2409 3645 ἀπόδειξιν.
2446 3581 2582 3636 Οὐδὲ
2606 3583 2718 3656 γάρ
2756 3585 2825 3640 ἂν
2854 3588 3128 3661 τοσαύτην
3154 3591 3317 3662 χάριν
3346 3592 3682 3657 ἐνεπόδισεν,

1978 3665 2086 3719 οὐδ’
2118 3666 2185 3719 ἂν
2207 3668 2337 3731 τοὺς
2364 3669 2534 3723 αὐτοῦ
2567 3670 2791 3738 δούλους
2818 3676 3176 3749 αἰσχυνθῆναι
3209 3679 3491 3750 ἠνέσχετο,
3525 3682 3573 3734 εί
3608 3681 3684 3752 μὴ

1981 3753 2190 3824 σφόδρα
2218 3754 2359 3825 πρὸς
2388 3756 2491 3828 τὴν
2521 3759 2878 3833 εὐδοκίμησιν
2912 3766 3007 3818 καὶ
3045 3767 3145 3835 τὴν
3179 3765 3453 3836 ὠφέλειαν
3482 3768 3686 3839 μᾶλλον

1973 3839 2125 3911 ἐώρα
2171 3841 2273 3912 τὴν
2324 3843 2447 3914 σήν.
2502 3846 2655 3901 Ὦσθ⁹
2713 3850 2852 3922 ὅπερ
2898 3853 3051 3905 δοκεῖ
3098 3857 3331 3925 σημεῖον
3383 3851 3527 3929 εἶναι
3583 3856 3688 3925 τῆς

1975 3929 2418 4017 ἐγκαταλείψεως
2444 3934 2541 3989 τοῦ
2587 3936 2748 4002 Θεοῦ,
2777 3940 2938 3994 τοῦτο
2964 3943 3064 4007 τῆς
3098 3944 3303 4015 πολλῆς
3353 3944 3518 3998 αὐτοῦ
3554 3946 3685 4017 περὶ

1976 4017 2039 4071 σὲ
2074 4016 2464 4091 φιλοστοργίας
2493 4025 2590 4079 καὶ
2622 4028 2865 4099 σπουδῆς
2895 4031 3125 4103 σημεῖόν
3151 4034 3291 4087 ἐστι.

2042 4128 2070 4158 ³
2091 4126 2243 4177 Savil.
2270 4134 2325 4178 ει
2347 4129 2484 4183 Colb.
2509 4135 2577 4191 εἷς
2600 4135 2768 4200 μυρίας
2788 4137 3084 4201 ἐνθυμήσεις.

183 4382 3657 4425 ——————________________________________________.

731 4601 1035 4720 ΤΟΥ
1091 4607 1594 4725 ΑΥΤΟΥ
1672 4609 2094 4728 ΠΡΟΣ
2153 4607 3078 4725 ΣΤΑΓΕΙΡΙΟΝ

1067 4804 1192 4859 ΚΑΙ
1225 4806 1335 4861 οΤ1
1384 4806 1433 4860 Η
1463 4806 1735 4861 ΑΘΥΜΙΑ
1766 4806 2236 4863 ΧΔΔΕΙΙΩΤΕΡΔ
2268 4804 2391 4860 ΚΑΙ
2424 4804 2803 4861 ΔΑΙΜΟΝΟΣ.

1340 4982 1345 4985 ·
1433 4955 1808 5043 ΛΟΓΟΣ
1857 4952 2460 5042 ΔΕΥΤΕΡΟΣ.

237 5126 310 5177 α’.
329 5117 517 5173 Ταῦτα
534 5118 635 5191 μὲν
650 5118 783 5191 ἡμῖν
800 5117 904 5172 ὐπέ
910 5135 943 5190 ρ
957 5117 1165 5190 τῆςτοῦ
1179 5117 1315 5171 Θεοῦ
1335 5118 1594 5189 προνοίας
1606 5119 1870 5191 είρήσθω,

166 5212 267 5267 καὶ
302 5213 383 5266 ὅτι
425 5212 525 5265 οὐκ
566 5209 1048 5283 ἀποστρεφόμενος
1075 5209 1200 5262 οὐδέ
1244 5208 1441 5280 μισιῖιν,
1472 5210 1609 5263 ἀλλά
1631 5211 1725 5263 καὶ
1746 5209 1870 5263 λίαν

167 5300 429 5371 ἀγαπῶν,
458 5299 636 5370 τούτῳ
656 5296 927 5371 γυμνάζει
948 5299 1026 5370 τῷ
1050 5298 1257 5371 τρόπῳ.
1291 5296 1510 5370 Ἐπειδὴ
1539 5298 1597 5352 δέ
1627 5298 1724 5353 καὶ
1754 5299 1872 5351 ἐτέ-

171 5370 281 5463 ρως
313 5370 520 5461 σφόδρα
554 5389 693 5461 ἔφης
708 5370 919 5459 ἀλγεῖν,
946 5388 1021 5451 ὼς
1052 5370 1147 5442 καὶ
1172 5387 1434 5453 πολλάκις
1464 5406 1524 5441 σε
1550 5386 1870 5443 ἀναπείθειν

166 5478 261 5533 τὸν
295 5478 527 5544 δαίμονα
559 5481 640 5542 είς
663 5478 900 5545 πέλαγος
929 5476 963 5549 ἢ
985 5477 1127 5532 κατὰ
1152 5475 1420 5550 κρημνῶν
1442 5477 1707 5546 ἀφανίσαι
1738 5493 1871 5529 σαυ-

167 5567 286 5632 τδν,
321 5565 355 5642 ἢ
395 5567 541 5638 ἀλλῳ
583 5569 691 5620 τινὶ
729 5567 955 5638 τοιούτῳ
992 5567 1182 5637 τρόπῳ
1230 5565 1329 5637 τὴν
1376 5564 1663 5637 παροῦσαν
1698 5582 1870 5620 κατα-

169 5654 333 5712 λῦσαι
368 5656 537 5729 ζωὴν,
571 5658 667 5711 καλ⁹
714 5657 856 5730 ὐπέρ
892 5656 1099 5710 τούτων
1124 5656 1296 5727 μικρά
1337 5654 1686 5726 διαλεχθῆναι
1739 5652 1868 5724 βού-

165 5745 333 5817 λομαι
392 5744 503 5800 τῶν
565 5745 864 5817 λογισμῶν.
931 5745 1006 5799 Οὐ
1068 5744 1178 5817 γάρ
1229 5743 1443 5798 ἐκείνου
1497 5743 1656 5815 μόνον
1713 5741 1866 5795 ἐστὶν

166 5836 309 5905 αὕτη
342 5836 377 5905 ἠ
426 5835 726 5907 συμϐουλὴ,
768 5834 906 5889 ἀλλά
952 5835 1047 5889 καὶ
1074 5834 1175 5905 τῆς
1204 5833 1443 5904 ἀθυμίας
1475 5833 1575 5904 τῆς
1608 5830 1729 5903 σῆς,
1762 5831 1863 5885 καὶ

1979 5117 2189 5190 ταύτης
2224 5118 2424 5189 μᾶλλον
2460 5115 2494 5189 ἢ
2538 5114 2773 5181 ἐκείνου,
2820 5116 2962 5189 τάχα
2997 5116 3055 5172 δὲ
3104 5118 3200 5172 καὶ
3242 5120 3415 5193 μόνης
3457 5124 3689 5198 ταύτης.

1976 5209 2089 5261 Καὶ
2116 5207 2276 5279 δῆλον
2316 5206 2379 5273 ἐξ
2410 5200 2486 5261 ὧν
2522 5205 2710 5260 πολλοὶ
2748 5206 2844 5261 καὶ
2872 5206 2985 5262 τῶν
3035 5207 3111 5280 μὴ
3143 5208 3538 5283 δαιμονῶντων
3573 5218 3692 5271 ἀπὸ

1974 5297 2070 5352 τοῦ
2115 5296 2408 5350 λυπεῖσθαι
2446 5295 2605 5367 μόνον
2645 5295 2878 5350 τοιαῦτα
2925 5296 3293 5368 βουλεύονται.
3337 5301 3555 5372 Ταύτην
3590 5300 3691 5358 οὖν

1974 5384 2171 5440 ἔκϐαλε
2204 5383 2302 5439 καὶ
2332 5384 2605 5438 ἀπέλασον
2637 5386 2738 5455 τῆς
2769 5382 2971 5457 ψυχῆς,
3007 5387 3101 5439 καὶ
3133 5387 3391 5459 οὐδεμίαν
3423 5389 3535 5455 ἐξει
3572 5390 3687 5447 λοι-

1973 5477 2075 5530 πὸν
2105 5478 2312 5540 ἐκεῖνος
2344 5474 2519 5546 ἰσχὺν,
2555 5474 2617 5528 οὐ
2650 5475 2811 5547 μόνον
2839 5475 2978 5548 πρὸς
2998 5474 3059 5529 τὺ
3091 5477 3304 5531 πείθειν
3332 5480 3399 5532 τὰ
3431 5480 3685 5550 τοιαῦτα,

1973 5565 2088 5619 ἀλλ’
2124 5564 2247 5619 οὐδὲ
2297 5565 2437 5636 πρὸς
2485 5564 2549 5616 τὸ
2584 5566 2872 5637 παραινεῖν
2919 5564 3021 5638 τὴν
3048 5566 3245 5638 ἀρχήν.
3281 5567 3399 5622 Νῦν
3432 5570 3532 5640 μὲν
3568 5571 3686 5645 γάρ

1971 5653 2224 5722 καθάπερ
2252 5653 2302 5704 οἱ
2325 5651 2650 5723 τοιχωρύχοι
2675 5653 3213 5726 καταλαμϐανούσης
3236 5656 3454 5720 νυκτὸς,
3482 5658 3544 5711 τὸ
3567 5660 3689 5730 φῶς

1968 5740 2398 5805 ἀποσϐέσαντες,
2431 5742 2526 5794 καὶ
2560 5741 2856 5811 ὑφελέσθαι
2894 5742 2963 5797 τά
2995 5743 3147 5808 ὄντα,
3180 5744 3276 5799 καὶ
3303 5746 3433 5809 τοὺς
3466 5746 3682 5805 τούτων

1965 5830 2189 5902 κυρίους
2214 5827 2354 5902 μετὰ
2379 5828 2582 5900 πολλῆς
2600 5829 2914 5899 ἀποσφάξαι
2940 5830 3041 5902 τῆς
3061 5831 3310 5896 εὐκολίας
3327 5831 3573 5890 δύναιντ’
3596 5838 3681 5893 ἄν·
