4264 6312
248 376 353 435 449

244 508 374 550 eum
411 503 512 548 sua
545 485 803 543 facilitate
827 484 1080 557 jugulare
1110 494 1341 557 possunt
1367 506 1379 541 :
1407 487 1479 541 ita
1513 496 1561 543 et
1590 488 1680 543 hic
1708 487 1829 543 vice

247 584 433 639 noctis
457 596 521 635 ac
543 578 890 636 tenebrarum
910 593 1198 633 maerorem
1221 578 1527 644 effundens,
1545 579 1831 650 cogitatio-

248 690 350 731 nes
373 688 587 739 omncs,
614 685 736 741 quae
759 670 826 725 ad
852 672 1128 726 munimen
1152 682 1405 741 nostrum
1432 688 1556 728 esse
1579 680 1829 743 possunt,

245 767 557 824 subducere
570 763 723 834 prius
748 778 813 818 ac
841 761 1009 817 furari
1034 764 1247 829 nititur,
1272 773 1329 818 ut
1349 763 1621 820 desertam
1641 773 1694 819 et
1716 766 1831 821 sine

246 858 530 930 adjutorio
576 857 815 911 animam
858 855 1124 911 invadens
1159 858 1330 927 plagis
1368 873 1487 913 eam
1529 859 1832 914 innumeris

245 950 551 1006 confodiat.
588 950 656 1003 At
687 963 816 1005 vero
836 963 960 1003 cum
982 949 1107 1019 quis
1137 963 1233 1019 spe
1257 949 1310 1003 in
1342 948 1509 1005 Deum
1540 950 1708 1007 fultus
1735 950 1831 1005 has

249 1044 513 1098 tenebras
561 1042 843 1111 disjecerit
867 1050 1033 1111 atque
1062 1040 1131 1100 ad
1172 1039 1354 1105 Solem
1384 1041 1613 1109 justitia:
1638 1041 1831 1097 confu-

246 1133 429 1205 giens,
457 1134 601 1188 illius
632 1134 816 1187 radios
844 1133 899 1187 in
922 1133 1104 1187 anima
1137 1148 1236 1188 sua
1260 1133 1509 1204 'recipcre
1536 1134 1829 1198 studuerit,

247 1226 506 1296 protinus
524 1227 914 1296 cegitationutn
930 1240 1155 1281 suarum
1174 1225 1467 1280 tumultum
1492 1227 1544 1281 in
1564 1226 1830 1283 latronem

248 1320 407 1376 illum
441 1318 809 1375 transfundet.
843 1318 979 1373 Nam
1003 1328 1057 1375 et
1082 1320 1175 1389 qui
1208 1320 1451 1375 facinora
1480 1321 1610 1375 talia
1641 1336 1832 1391 aggre-

248 1409 503 1473 diuntur.
544 1426 669 1466 cum
713 1412 837 1482 quis
880 1412 1003 1468 illos
1042 1410 1495 1481 deprehenderit,
1538 1427 1602 1467 ac
1649 1412 1832 1468 lumen

246 1501 577 1558 ostenderit.
612 1511 877 1565 tremunt,
913 1500 1182 1555 fluctuant
1216 1510 1379 1570 atque
1416 1504 1829 1570 perturbantur.

232 1585 309 1640 Et
334 1584 628 1655 quomodo,
664 1584 891 1676 inquies,
908 1585 1081 1655 possit
1108 1585 1226 1654 quis
1254 1583 1355 1639 hoc
1383 1584 1571 1639 dolore
1596 1582 1835 1649 liberart,

233 1677 342 1730 nisi
371 1677 517 1746 prius
545 1677 803 1746 eripiatur
838 1692 868 1731 a
898 1677 1144 1733 dzemone
1168 1677 1468 1748 agitatore?
1493 1676 1607 1731 Non
1626 1676 1837 1731 daemon

230 1770 439 1839 estqui
488 1774 777 1825 mterorcm
828 1777 1044 1835 movet,
1076 1769 1169 1825 sed
1219 1785 1419 1825 maeror
1466 1770 1642 1840 potius
1696 1770 1839 1824 vires

230 1858 470 1915 daemoni
500 1861 871 1928 administrat,
902 1863 1360 1933 cogitationesque
1391 1863 1558 1916 malas
1580 1864 1835 1933 suggerit.

232 1954 536 2010 Attestatnr
577 1955 699 2010 huic
740 1956 934 2011 rationi
980 1966 1177 2011 nostra:
1226 1956 1566 2013 beatissimus
1597 1956 1835 2011 Paulus:

234 2062 346 2102 non
376 2050 516 2102 enim
540 2049 863 2115 daemonem,
892 2050 987 2106 sed
1018 2050 1428 2106 immoderatum
1451 2049 1690 2109 dolorem
1723 2066 1839 2103 me-

232 2148 418 2198 tuens.
449 2140 738 2196 Corinthiis
763 2142 967 2210 scribit,
995 2152 1054 2197 ut
1084 2152 1304 2212 parcant
1328 2142 1546 2199 demum
1574 2142 1838 2213 peccanti,

232 2228 325 2285 Ne
344 2234 475 2302 forte
496 2231 852 2287 abundantiori
875 2233 1078 2289 tristitia
1097 2233 1422 2289 absorbeatur
1435 2234 1523 2306 qui
1543 2234 1659 2289 talis
1674 2243 1745 2289 est
1762 2233 1839 2306 (2.

232 2321 420 2376 Cani.
451 2322 523 2396 7),
567 2324 754 2395 inquit.
773 2324 1040 2382 Cteterutn
1063 2336 1121 2382 ut
1139 2326 1498 2382 concedamus
1541 2325 1841 2382 daemonem

232 2415 416 2469 acrius
442 2416 664 2482 instare,
693 2432 758 2471 cx
785 2418 966 2472 animo
992 2431 1171 2473 autem
1202 2427 1295 2473 tuo
1322 2418 1531 2489 pulsum
1559 2433 1681 2473 esse
1707 2433 1845 2473 moc-

236 2520 443 2573 rorem,
478 2506 603 2577 quid
628 2506 738 2577 jam
765 2507 868 2562 erit
890 2523 955 2563 ex
985 2507 1087 2563 hoc
1111 2508 1460 2564 detrimenti?
1480 2508 1609 2580 quid
1636 2507 1724 2563 hic
1750 2523 1844 2579 per

234 2610 303 2651 se
330 2597 479 2651 solus
500 2607 592 2652 aut
620 2613 841 2668 parvum
863 2609 956 2654 aut
979 2615 1232 2670 magnum
1277 2600 1448 2672 possit
1485 2608 1673 2655 contra
1706 2601 1844 2656 nos?

235 2690 313 2744 At
339 2705 467 2762 vero
497 2706 717 2756 mteror,
750 2691 975 2748 absente
1001 2691 1247 2748 daemone
1266 2734 1282 2758 ,
1311 2693 1478 2748 multa
1506 2707 1604 2765 per
1630 2707 1690 2748 se
1719 2690 1845 2746 hor-

238 2779 412 2835 renda
437 2779 638 2846 efficit,
666 2782 1030 2856 plurimosque
1058 2798 1246 2849 eorum
1278 2784 1369 2854 qui
1398 2784 1498 2839 sibi
1542 2791 1846 2839 nexuerant

242 2870 489 2941 laqueos,
522 2874 900 2929 consciverunt
927 2874 1156 2946 gladios,
1187 2876 1271 2931 vel
1292 2874 1436 2929 fluvii
1468 2890 1527 2930 se
1557 2876 1715 2929 undis
1743 2875 1843 2929 de-

236 2961 460 3030 derunt,
492 2964 570 3019 vel
599 2965 706 3019 alio
729 2966 917 3035 quovis
936 2981 1135 3036 genere
1162 2966 1445 3036 perdidere
1471 2968 1698 3036 seipsos,
1727 2967 1847 3022 solo

238 3054 432 3109 dolore
475 3056 527 3109 in
569 3056 856 3111 violentam
904 3067 1130 3112 mortem
1178 3058 1439 3128 impulsos
1492 3059 1843 3128 reperiemus.

238 3146 400 3214 Quod
426 3148 471 3202 si
502 3148 641 3204 inter
669 3163 763 3204 eos
789 3133 1054 3221 quispiam
1083 3151 1326 3207 fortassis
1354 3150 1515 3205 fuerit
1543 3161 1792 3221 arreptus
1817 3167 1847 3206 a

242 3237 523 3306 daemone,
567 3238 726 3309 hujus
769 3255 984 3311 quoque
1030 3240 1261 3310 perditio
1309 3257 1418 3296 non
1460 3241 1723 3308 (Lemoni,
1752 3242 1847 3296 sed

240 3330 496 3386 maeroris
540 3331 807 3404 tyrannidi
855 3346 918 3387 ac
972 3332 1242 3387 violentiae
1295 3334 1488 3388 merito
1539 3334 1850 3404 imputanda

240 3422 370 3477 erit.
402 3421 470 3475 Et
496 3422 798 3492 quomodo,
826 3422 1066 3493 inquies,
1100 3437 1318 3493 possunt
1365 3439 1471 3478 non
1505 3439 1738 3479 mmrore
1766 3423 1850 3478 af-

245 3514 378 3570 ﬁci?
402 3514 460 3570 Si
485 3530 515 3569 a
542 3514 901 3571 multitudinis
929 3516 1182 3587 opinione
1211 3516 1278 3573 de
1309 3515 1614 3587 hujusmodi
1644 3531 1703 3571 re
1734 3517 1854 3570 lon-

242 3607 468 3679 gissime
493 3608 791 3676 recedens,
819 3608 933 3663 sola
977 3622 1208 3679 superna
1257 3610 1479 3664 sentias.
1510 3608 1665 3663 Nunc
1706 3608 1851 3664 enim

246 3697 455 3755 idcirco
473 3714 537 3754 ea
564 3713 653 3755 res
677 3699 855 3769 gravis
877 3709 1041 3771 atque
1062 3698 1331 3755 horrenda
1353 3699 1449 3755 tibi
1475 3700 1709 3764 videtur,
1726 3700 1853 3771 quia

246 3790 441 3863 vulgus
468 3792 539 3846 ita
567 3792 859 3847 existimat.
886 3791 1050 3863 Atqui
1080 3792 1127 3847 si
1153 3791 1353 3848 omissa
1398 3792 1544 3847 inani
1572 3792 1854 3866 fallacique

247 3880 650 3939 existimatione
679 3881 849 3952 ipsam
886 3897 1004 3937 rem
1035 3881 1342 3953 diligentius
1384 3882 1732 3938 considerare
1762 3899 1857 3937 vo-

249 3970 440 4040 lueris,
477 3971 719 4027 invenies
753 3971 957 4027 nullam
997 3972 1175 4028 inesse
1212 3972 1265 4028 ei
1306 3973 1576 4029 maestitiae
1616 3972 1857 4029 occasio-

249 4078 377 4120 nem
402 4082 417 4119 :
438 4064 580 4135 quod
597 4064 709 4135 jam
732 4079 878 4133 saepe
896 4065 1145 4136 superius
1163 4064 1517 4122 ostendimus.
1543 4065 1854 4139 Eqnalium

250 4170 383 4212 vero
410 4166 622 4211 tuorum
665 4157 835 4227 gratia
866 4156 1028 4229 (reor
1065 4157 1210 4212 enim
1238 4166 1290 4213 te
1316 4158 1609 4213 intuentem
1640 4159 1853 4213 illorum

252 4249 495 4306 laetitiam
535 4266 601 4307 ac
640 4251 890 4306 fiduciam
926 4267 1050 4307 eum
1079 4252 1366 4320 fratribus,
1398 4255 1651 4310 confundi
1696 4265 1858 4327 atque

253 4357 325 4396 ex
352 4342 563 4398 tristitia
592 4342 911 4415 concidere)
950 4359 1054 4415 ego
1084 4344 1138 4399 id
1182 4346 1445 4401 veraciter
1473 4346 1699 4402 dixerim
1745 4365 1759 4402 :
1810 4348 1855 4402 si

252 4433 497 4506 quidem,
522 4435 628 4490 illis
658 4435 710 4489 in
728 4436 1057 4491 continentia
1079 4445 1134 4492 et
1152 4436 1441 4493 sobrictate
1468 4449 1630 4508 atque
1651 4438 1704 4493 in
1733 4439 1859 4495 reli-

253 4541 361 4598 qua
384 4527 507 4582 vitae
533 4527 869 4598 philosophia
896 4528 1232 4598 degentibus,
1262 4528 1375 4598 ipse
1404 4530 1457 4585 in
1486 4530 1854 4601 lupanaribus,

255 4620 314 4674 in
341 4619 479 4675 ludis
510 4628 565 4674 et
590 4620 644 4674 in
669 4620 799 4674 aleis
843 4628 898 4675 et
944 4621 1429 4676 comessationibus
1462 4632 1673 4694 tempus
1698 4638 1858 4681 omne

256 4726 640 4777 consumeres,
680 4714 1015 4769 rationabilis
1060 4714 1298 4784 profecto
1342 4726 1484 4772 esset
1518 4716 1604 4772 hic
1656 4732 1860 4774 mteror

260 4815 385 4859 tuus
412 4822 427 4859 :
454 4803 539 4859 sin
566 4814 744 4860 autetn
776 4792 1019 4861 eamdem
1056 4807 1268 4877 incedis
1294 4810 1431 4863 viam
1459 4850 1474 4874 ,
1518 4808 1645 4879 quid
1682 4824 1859 4865 causa

256 4897 511 4969 estquod
539 4897 790 4968 angaris?
815 4898 1077 4969 Equidem
1109 4900 1155 4955 si
1183 4900 1312 4954 mihi
1344 4900 1411 4955 ad
1438 4901 1669 4971 aliquem
1697 4917 1760 4956 ex
1793 4902 1860 4957 iis

258 5005 442 5046 sermo
468 4999 637 5055 esset,
667 4990 760 5062 qui
786 4992 939 5047 facile
963 4993 1293 5048 extolluntur
1321 4993 1569 5059 laudibus
1590 5036 1605 5061 ,
1646 5010 1707 5049 ea
1738 5011 1862 5065 qua:

256 5083 425 5140 modo
439 5082 683 5139 dicturus
709 5099 825 5139 sum
856 5086 1095 5156 profecto
1112 5089 1419 5143 tacuissem.
1446 5087 1710 5155 Quoniam
1735 5105 1863 5144 vero

257 5193 325 5234 ea
353 5176 483 5231 mihi
508 5177 577 5233 de
599 5187 653 5233 te
669 5192 793 5249 spes
811 5188 915 5247 est,
937 5179 1079 5250 quod
1103 5181 1510 5251 quamtumlibet
1531 5184 1649 5251 quis
1670 5190 1723 5237 te
1747 5182 1865 5237 lan-

260 5270 355 5325 dct
379 5280 539 5340 atque
568 5270 862 5327 admiretur
880 5315 896 5339 ,
929 5287 1221 5343 numquam
1248 5273 1562 5328 modestiam
1605 5274 1824 5330 deseres
1842 5314 1860 5339 .

260 5372 424 5434 atque
451 5362 799 5419 nihilominus
829 5366 969 5421 inter
996 5375 1267 5421 extremos
1311 5375 1361 5421 te
1400 5368 1571 5437 ipsum
1619 5377 1819 5423 statues
1842 5407 1859 5434 ,

258 5465 455 5511 cuncta
478 5455 610 5511 nihil
640 5465 883 5513 metuens
907 5468 999 5512 aut
1022 5459 1368 5514 dissimulans
1390 5460 1593 5529 loquar.

336 5546 597 5617 Stagirius
633 5564 698 5602 ea:
733 5549 978 5604 dtemont's
1006 5550 1273 5605 insultibus
1304 5551 1518 5605 multum
1558 5553 1861 5622 profecerat.

262 5668 336 5681 -—-
359 5640 530 5696 Tanta
571 5642 714 5696 enim
758 5641 920 5695 audio
964 5642 1057 5696 tibi
1101 5641 1392 5696 accessisse
1440 5642 1651 5713 pietatis
1690 5642 1867 5697 incre-

267 5741 473 5800 menta,
504 5744 687 5788 utnon
712 5731 821 5803 jam
861 5746 981 5789 tum
1008 5733 1422 5789 adolescentulis
1452 5734 1556 5790 illis
1575 5776 1590 5801 ,
1621 5735 1715 5790 sed
1742 5751 1863 5790 cum

268 5823 475 5896 magnis
520 5822 954 5893 admirandisque
1004 5824 1131 5878 viris
1179 5824 1373 5879 virtute
1426 5826 1742 5883 contendas.
1806 5832 1863 5890 In

598 5930 865 5993 Panos.
911 5933 1023 5993 Gn.
1075 5929 1326 5992 XLVII.

1080 371 1172 428 AD
1213 368 1591 429 sucorum
1631 368 1675 422 Α
1716 332 2028 445 manust:
2056 346 2415 404 vsxaruu.
2457 346 2585 404 us.
2627 345 2693 404 ιι.

3432 344 3541 404 850

1941 486 2088 541 nullo
2115 495 2165 541 te
2205 485 2310 540 illis
2340 483 2646 541 inferiorem
2694 486 2876 554 aiunt,
2904 500 3012 543 non
3062 487 3269 546 ratione
3306 490 3542 563 jejunil:

1937 592 2043 647 quo
2071 576 2214 633 enim
2243 584 2419 647 pacto,
2466 591 2588 631 cum
2617 591 2810 647 panem
2842 586 2897 633 ct
2920 593 3113 649 aquam
3152 590 3355 637 tantum
3384 584 3436 638 in
3463 585 3543 640 ci-

1939 666 2063 720 bum
2111 680 2326 732 sumas,
2375 665 2534 736 idqne
2580 666 2803 721 alternis
2839 667 3067 724 diebus?
3097 685 3203 725 non
3243 672 3543 743 vigiliarum

1941 757 2274 828 prolixitate,
2306 773 2428 814 cum
2461 768 2515 813 ιιι
2544 757 2645 828 ipsi
2677 759 2855 829 plures
2886 777 2988 816 una
3036 772 3220 819 noctes
3270 765 3544 825 insomnes

1943 852 2204 921 transigas
2229 868 2243 917 ;
2276 868 2384 907 non
2414 852 2610 907 diurno
2638 852 2899 916 instituto,
2929 870 3037 926 quo
3066 865 3117 911 te
3144 872 3357 929 quoque
3379 859 3547 930 pluri-

1943 958 2060 999 mos
2087 945 2294 999 illorum
2328 946 2710 1001 transcendere
2737 945 2877 1001 fama
2924 957 3026 1003 est.
3057 949 3231 1005 Audio
3259 966 3323 1007 ex
3358 952 3423 1008 iis
3453 953 3545 1024 qui

1942 1033 2136 1089 isthinc
2156 1035 2445 1090 adveniunt
2466 1078 2480 1102 ,
2506 1037 2600 1090 tibi
2622 1052 2782 1093 omne
2812 1047 3022 1108 tempus
3053 1040 3105 1094 in
3134 1040 3385 1113 lacrymis
3416 1058 3546 1114 per-

1942 1126 2223 1197 petuisque
2248 1128 2581 1183 orationibus
2608 1130 2885 1193 consumi;
2914 1139 2979 1185 et.
2998 1132 3451 1201 quemadmodum
3474 1135 3544 1201 ii,

1942 1217 2034 1287 qui
2062 1218 2277 1273 silentio
2303 1232 2361 1274 se
2390 1218 2744 1285 devovcrunt,
2772 1235 2937 1290 seque
2965 1222 3109 1292 ipsos
3145 1224 3358 1293 tugurio
3397 1209 3545 1282 brevi

1943 1307 2304 1372 incluserunt,
2336 1310 2464 1363 nihil
2506 1310 2836 1380 loquuntur,
2866 1315 2936 1367 ita
2962 1322 3018 1368 et
3064 1322 3114 1368 te
3143 1314 3292 1369 aiunt
3319 1316 3369 1370 in
3401 1324 3545 1371 tanta

1943 1409 2245 1455 versantem
2278 1400 2618 1456 multitudine
2644 1402 2951 1473 persistere.
2979 1402 3146 1458 Porro
3168 1407 3545 1463 contritionem

1943 1488 2122 1544 cordis
2154 1490 2247 1555 tui,
2291 1491 2595 1561 squalorem
2637 1507 2700 1547 ac
2727 1492 2970 1549 dolorem
3000 1503 3057 1549 et
3093 1494 3145 1549 hi
3176 1497 3263 1566 qui
3294 1510 3546 1554 enarrant

1944 1578 2357 1647 eshorrescunt,
2393 1582 2761 1654 plurimosque
2806 1584 2893 1639 hic
2939 1584 3068 1642 dum
3126 1597 3212 1641 tua
3267 1600 3548 1645 narrarent

1946 1656 2184 1725 instituta
2239 1684 2693 1743 compunxerunt.
2770 1673 2986 1730 Nullum
3045 1692 3296 1747 umquam
3363 1678 3547 1749 ingre-

1946 1763 2229 1830 dientium,
2255 1767 2422 1832 aiunt,
2449 1767 2690 1838 respicit,
2718 1768 2849 1822 nihil
2877 1784 2944 1824 ex
2970 1770 3243 1825 consuetis
3274 1771 3548 1827 laboribus

1946 1858 2153 1914 relaxat
2182 1876 2194 1913 :
2227 1852 2424 1929 smpius
2450 1860 2606 1915 veriti
2631 1876 2820 1935 sumus
2865 1877 2933 1917 ne
2958 1862 3144 1917 oculos
3173 1865 3443 1935 perpetuis
3471 1865 3549 1920 la-

1944 1952 2143 2024 crymis
2180 1963 2495 2017 excaecaret,
2530 1967 2603 2007 ne
2634 1952 2825 2023 vigiliis
2856 1953 3056 2022 nimiis,
3090 1956 3471 2029 irretnissoque
3494 1969 3550 2013 et

1941 2044 2054 2114 jugi
2086 2044 2332 2100 lectionis
2360 2044 2539 2100 studio
2558 2045 2841 2101 cerebrum
2870 2046 3188 2104 offenderet.

1995 2135 2050 2190 2.
2074 2137 2187 2193 Hoc
2202 2152 2330 2209 ergo
2352 2145 2404 2193 te
2422 2152 2654 2194 mterore
2674 2139 2892 2196 conficit
2905 2148 3067 2211 atque
3098 2141 3388 2212 perturbat,
3407 2143 3548 2214 quod

1946 2229 2181 2299 aequales
2210 2238 2332 2303 tuos
2363 2238 2509 2284 tanta
2534 2230 2855 2287 excellentia
2884 2247 3106 2303 superas
3129 2275 3145 2299 ,
3177 2234 3319 2305 quod
3350 2236 3553 2289 acerri-

1949 2335 2096 2375 mum
2125 2329 2178 2375 et
2207 2320 2571 2391 impudentem
2605 2330 2792 2379 nactus
2821 2322 3189 2380 adversarium
3210 2367 3223 2391 ,
3252 2336 3402 2381 tanto
3431 2340 3553 2396 spa-

1950 2412 2023 2466 tio
2051 2422 2227 2467 tecum
2268 2414 2468 2483 pariter
2493 2422 2775 2470 currentes
2800 2417 3102 2473 excessisti.
3137 2418 3329 2472 Annon
3358 2418 3553 2472 merito

1948 2502 2191 2559 dicebam
2221 2519 2509 2561 maerorem
2543 2506 2682 2562 hunc
2714 2520 3051 2578 prtesumptm
3091 2510 3263 2564 solum
3290 2524 3412 2565 csse
3438 2511 3554 2580 opi-

1951 2596 2157 2661 nionis;
2188 2597 2233 2652 si
2263 2580 2606 2653 examinctur
2629 2613 2780 2663 vero,
2814 2614 3053 2654 summas
3084 2599 3238 2670 nobis
3270 2601 3465 2669 Izetitize
3490 2616 3554 2655 ac

1952 2688 2352 2760 tranquillitatis
2379 2689 2691 2745 occasiones
2718 2690 2997 2760 praebere?
3017 2691 3146 2757 Qute
3166 2692 3309 2746 enim
3330 2693 3548 2757 utilitas,

1952 2795 2137 2850 quzeso
2166 2788 2237 2847 te,
2268 2794 2299 2835 a
2323 2779 2571 2835 dtemone
2600 2795 2707 2834 non
2746 2781 2979 2851 corripi,
3012 2783 3055 2835 si
3105 2782 3225 2836 vitae
3256 2782 3555 2837 institutum

1952 2873 2283 2945 negligatur?
2312 2872 2456 2943 quod
2484 2872 2739 2927 damnum
2770 2874 3007 2944 corripi,
3054 2873 3097 2928 si
3132 2875 3235 2929 vita
3285 2885 3431 2931 recte
3476 2875 3556 2929 in-

1952 2968 2133 3020 stituta
2160 2974 2214 3021 et
2235 2974 2485 3020 accurata
2510 2966 2620 3021 sit?
2639 2967 2710 3020 At
2730 2965 2957 3021 fortasse
2983 2967 3325 3023 contenderis
3349 2983 3412 3023 ac
3433 2984 3558 3024 eru-

1954 3057 2163 3120 bescis,
2201 3071 2323 3110 cum
2356 3065 2411 3111 te
2436 3056 2537 3112 sub
2565 3056 2737 3112 oculis
2784 3054 3154 3127 quorumdam
3186 3058 3404 3129 dejicit?
3449 3058 3555 3115 Sed

1956 3146 2059 3201 hoc
2090 3146 2181 3201 tibi
2210 3155 2274 3201 ex
2307 3147 2495 3201 eadem
2542 3147 2749 3202 ratione
2778 3149 3059 3217 contingit,
3089 3150 3229 3219 quod
3262 3149 3558 3205 multitudi-

1956 3241 2040 3294 nis
2061 3239 2315 3311 opinione
2353 3239 2624 3314 negotium
2676 3240 2811 3307 hoc,
2856 3256 2963 3294 non
3005 3222 3284 3296 ratiocinio
3328 3244 3557 3299 metiris.

1955 3329 2198 3400 Namque
2222 3329 2417 3385 cadere
2446 3343 2553 3384 non
2579 3330 2629 3383 id
2657 3342 2759 3396 est,
2788 3331 2932 3401 quod
2963 3341 3018 3386 tu
3050 3341 3100 3386 tc
3129 3333 3233 3402 pati
3263 3332 3430 3400 dicis,
3463 3337 3558 3389 sed

1957 3420 2011 3474 in
2056 3428 2333 3490 peccatum
2363 3433 2617 3475 corruere
2647 3438 2661 3475 :
2690 3420 2741 3474 in
2772 3419 2876 3476 hoc
2904 3435 3033 3476 sane
3078 3437 3206 3477 casu
3248 3423 3465 3492 dolere,
3506 3425 3560 3480 in

1958 3511 2063 3567 hoc
2103 3510 2424 3567 erubescere
2447 3512 2717 3566 convenit.
2748 3509 2859 3566 Nos
2888 3520 3072 3567 contra
3120 3513 3176 3568 in
3206 3512 3269 3568 iis
3295 3530 3414 3585 quae
3443 3516 3563 3572 nul-

1959 3604 2065 3661 lam
2097 3604 2298 3660 habent
2342 3604 2681 3661 verecundiae
2706 3607 2971 3661 rationem
2997 3604 3408 3674 confundimur;
3439 3625 3562 3681 qua:

1958 3706 2139 3753 autem
2162 3712 2349 3757 revera
2365 3707 2491 3754 sunt
2509 3698 2706 3768 turpia,
2729 3699 3207 3771 exsecrationeque
3226 3716 3289 3756 ac
3308 3716 3563 3774 supremo

1958 3788 2116 3860 digna
2145 3789 2384 3844 cruciatu
2404 3830 2420 3855 ,
2450 3803 2514 3845 ea
2538 3788 2667 3845 dum
2698 3800 3103 3861 perpetramus,
3132 3791 3266 3846 nihil
3310 3807 3411 3850 nos
3436 3794 3565 3851 mali

1961 3882 2068 3951 pati
2095 3880 2440 3939 arbitramur.
2471 3881 2648 3952 Atque
2671 3881 2848 3937 anima
2878 3882 3094 3953 quidem
3121 3883 3347 3955 singulis
3375 3884 3566 3943 diebus

1963 3982 2308 4044 peccatorum
2356 3974 2409 4028 vi
2448 3982 2771 4041 corraente,
2803 3974 2979 4029 nullus
3020 3984 3107 4031 est
3151 3977 3240 4047 qui
3272 3976 3487 4048 lugeat;
3519 3978 3566 4035 si

1962 4064 2179 4136 quando
2202 4080 2333 4121 vero
2359 4080 2557 4136 corpus
2591 4066 2694 4122 hoc
2717 4066 2918 4137 aliquid
2954 4068 3155 4137 patitur
3173 4109 3188 4134 ,
3231 4068 3283 4124 id
3314 4085 3443 4125 vero
3466 4071 3567 4127 du-

1962 4173 2080 4213 rum
2110 4166 2271 4229 atque
2318 4158 2657 4215 intolerabile
2687 4175 2806 4215 esse
2836 4159 3068 4216 videtur.
3092 4160 3283 4217 Nonne
3312 4161 3364 4218 id
3388 4163 3567 4233 potius

1962 4260 2047 4305 est
2088 4252 2409 4307 ardazmone
2438 4253 2671 4322 corripi,
2702 4252 2746 4307 si
2776 4252 2913 4307 adeo
2939 4253 3317 4309 miserabiliter
3354 4256 3567 4311 animus

1962 4343 2246 4410 afﬁciatur,
2270 4353 2430 4414 atque
2459 4344 2529 4398 ita
2553 4346 2694 4398 circa
2726 4361 2904 4399 rerum
2922 4344 3121 4415 judicia
3153 4345 3403 4401 fallatur?
3430 4346 3566 4403 Nam

1963 4436 2009 4491 si
2038 4435 2090 4491 id
2118 4434 2335 4506 quidem
2362 4451 2427 4491 ex
2456 4436 2718 4491 ebrietate
2749 4437 3011 4506 patereris
3031 4479 3045 4503 ,
3075 4438 3328 4493 cenfuttdi
3374 4440 3568 4495 merito

1966 4544 2031 4584 ac
2062 4544 2294 4585 moerere
2340 4528 2653 4593 debuisses,
2686 4530 2884 4600 quippe
2923 4528 2974 4583 id
3030 4530 3318 4587 voluntatis
3364 4533 3567 4587 crimen

1968 4635 2151 4687 esset;
2182 4624 2265 4679 sin
2290 4632 2470 4678 autem
2510 4612 2732 4677 alterius
2775 4623 3025 4677 violentia
3058 4623 3109 4678 id
3142 4623 3233 4688 fit,
3268 4641 3373 4680 non
3404 4627 3449 4680 is
3477 4628 3567 4698 qui

1969 4727 2196 4773 vexatur
2221 4731 2379 4787 atque
2404 4731 2522 4771 eam
2551 4715 2856 4770 violentiam
2881 4716 3090 4779 tolerat,
3115 4718 3207 4772 Sed
3240 4716 3283 4771 is
3311 4719 3400 4789 qui
3424 4719 3570 4776 illam

1968 4811 2151 4877 infert,
2180 4809 2502 4865 erubescere
2530 4808 2710 4863 debet.
2742 4808 2874 4863 Nam
2908 4818 2960 4863 et
2993 4809 3044 4862 in
3076 4810 3251 4881 platea
3283 4811 3326 4864 si
3357 4810 3572 4881 quando

1967 4916 2256 4957 commissa
2284 4917 2460 4972 pugna
2488 4901 2621 4956 alter
2644 4901 2871 4956 alterum
2904 4901 3187 4972 impellens
3213 4902 3436 4973 dejrcrt,
3464 4922 3573 4962 non

1969 4995 2248 5049 cadentem
2267 5036 2283 5061 ,
2313 4994 2409 5050 sed
2456 4993 2816 5063 impellentem
2843 5008 3162 5050 accusamus
3188 5012 3400 5052 omnes.
3434 4998 3576 5055 Utile

1968 5088 2185 5158 quidem
2208 5097 2291 5142 est
2314 5086 2656 5150 erubescere,
2685 5085 2779 5140 sed
2811 5096 2919 5139 tum
2955 5085 3196 5156 profecto
3221 5103 3343 5143 cum
3376 5090 3575 5160 aliquid

1971 5180 2301 5250 gesserimus
2321 5178 2463 5249 quod
2490 5179 2579 5233 ille
2606 5178 2824 5247 dignum
2854 5178 3092 5233 cruciatu
3109 5178 3331 5248 jndicct.
3357 5181 3448 5251 qui
3478 5198 3578 5237 nos

1967 5272 2306 5342 judicaturus
2337 5270 2391 5325 in
2424 5270 2530 5325 fine
2560 5280 2661 5324 est.
2688 5269 2952 5338 Quamdiu
2996 5279 3176 5325 autem
3224 5272 3353 5327 nihil
3393 5273 3579 5343 hujus-

1973 5368 2116 5424 modi
2150 5366 2305 5421 nobis
2331 5365 2533 5420 conscii
2556 5363 2837 5429 fuerimus,
2862 5362 3014 5433 cujus
3045 5363 3122 5420 rei
3148 5366 3317 5436 gratia
3344 5366 3576 5421 confun-

1972 5460 2185 5517 dimur?
2216 5458 2399 5528 Neque
2424 5457 2566 5512 enim
2613 5455 2656 5510 si
2682 5454 2803 5525 quis
2829 5454 2947 5509 sine
2974 5456 3181 5511 ratione
3211 5456 3452 5527 nihilque
3483 5456 3577 5512 lce-

1974 5570 2067 5610 sus
2098 5564 2148 5609 tc
2178 5552 2413 5608 ctederet
2435 5594 2449 5615 ,
2490 5559 2577 5604 aut
2619 5550 2669 5603 in
2700 5559 2895 5604 terram
2922 5547 3208 5618 dejiceret,
3238 5559 3400 5620 tuque
3426 5550 3573 5605 omni

1976 5645 2385 5703 mansucunline
2414 5645 2646 5700 tolerans
2672 5642 2881 5708 abires,
2912 5642 3244 5699 confusionis
3281 5659 3342 5698 ea
3372 5658 3458 5698 res
3488 5658 3576 5700 cs-

1975 5756 2077 5811 set,
2105 5746 2199 5803 sed
2223 5741 2573 5816 philosophiae
2598 5739 3059 5807 maximorumque
3090 5735 3326 5791 laudum.
3353 5736 3506 5803 Quod
3528 5737 3574 5793 si

1979 5840 2284 5897 hominibus
2331 5834 2549 5906 injurias
2579 5826 2957 5897 inferentibus,
2987 5828 3037 5884 id
3085 5826 3325 5898 perferre
3368 5828 3572 5899 glorio-

3144 5932 3225 5993 9.6
