4264 6312
762 326 867 380 ἰἔλί
1512 336 1567 389 S.
1609 334 1883 391 JO.\.\'NIS
1921 336 2391 393 CilRYSOS'l‘Oall
2433 338 2741 396 Aiitlill'rJ‘.
2786 342 3313 400 (ZONSTANTINOP.

771 475 883 514 sum
910 470 1023 526 est,
1059 476 1225 528 eouc,
1258 466 1345 534 qui
1376 482 1558 521 omnes
1587 471 1817 538 nequitia
1866 471 2215 534 transcendit,
2253 471 2353 525 hoc

774 551 944 619 ipsum
981 553 1242 621 faciente,
1273 558 1359 624 qui
1405 557 1543 611 illius
1591 560 1859 613 vesaniam
1912 563 2115 615 fortiter
2154 563 2348 625 tulerit,

774 642 919 704 quasi
970 660 1084 697 rem
1118 648 1501 715 vituperatione
1527 649 1737 718 dignam
1770 651 1979 713 fecerit,
2016 653 2203 706 rubore
2236 670 2353 722 per-

772 733 1067 788 tundetttr?
1098 737 1159 789 lit
1203 739 1323 806 quid
1354 738 1451 793 hac
1482 744 1857 797 eontrarietatc
1884 745 1985 798 dici
2018 746 2352 799 irratiOnabi-

774 822 874 873 lius
908 826 1068 891 possit
1091 830 1113 866 ν
1146 827 1199 879 Si
1233 828 1372 880 enim
1400 844 1463 883 ex
1494 845 1617 883 casu
1643 832 1729 885 illo
1752 847 2039 903 exsurgens
2068 844 2218 904 turpe
2260 836 2354 888 ali-

776 915 899 981 quid
920 926 1006 968 aut
1036 918 1209 973 facere
1239 919 1585 987 inducereris,
1618 932 1707 975 aut
1734 924 1895 992 loqui,
1926 941 1993 979 ne
2014 926 2124 994 ipse
2142 926 2349 994 quidem

773 1018 929 1072 super
964 1006 1045 1058 his
1076 1018 1124 1060 te
1154 1010 1331 1079 lugere
1360 1026 1420 1064 ac
1442 1011 1624 1067 dolere
1656 1015 1992 1082 prohiberent
2024 1034 2036 1066 :
2069 1018 2147 1069 sin
2176 1030 2350 1071 antetn

777 1099 950 1151 otnnia
983 1116 1099 1152 cuni
1131 1104 1418 1168 gratiarum
1449 1106 1658 1160 actione
1691 1107 1905 1172 toleras,
1930 1118 2086 1177 atque
2111 1110 2173 1161 ad
2198 1126 2353 1163 oran-

774 1189 895 1241 dum
927 1200 975 1244 te
1004 1194 1180 1245 statim
1204 1198 1493 1261 convertis,
1526 1198 1649 1267 quid
1678 1208 1760 1252 est
1797 1200 1938 1269 quod
1972 1203 2059 1254 tibi
2093 1218 2351 1255 verecun-

772 1280 912 1334 diam
958 1293 1050 1336 aut
1076 1286 1441 1342 confusionem
1474 1291 1682 1359 pariat?
1713 1291 1817 1346 Sed
1863 1292 2099 1347 fortassis
2142 1295 2269 1347 dura
2302 1310 2373 1351 et.

769 1372 993 1426 dolenda
1013 1375 1311 1443 iudicantur
1339 1364 1525 1446 probra
1558 1382 1623 1435 ab
1652 1382 1768 1435 aliis
1795 1383 1844 1436 in
1874 1398 1970 1437 nos
1997 1384 2255 1452 c0nji-cta.

844 1465 1065 1528 Quinam
1092 1486 1200 1521 rere
1225 1471 1540 1523 dwnwniaci.
1566 1503 1637 1512 ——
1665 1473 1729 1527 Et
1770 1475 1895 1543 quid
1943 1476 2201 1545 ejusmodi
2252 1476 2351 1529 ho-

774 1556 1006 1611 minibus
1036 1559 1137 1613 dici
1168 1561 1569 1631 vituperabilius
1616 1566 1815 1634 possit,
1858 1569 1945 1636 qui
1998 1585 2165 1638 neque
2195 1569 2348 1639 digna

771 1646 1184 1714 exprobratione
1216 1652 1315 1709 rite
1343 1666 1560 1723 possunt
1590 1657 1935 1713 discernere?
1981 1661 2067 1713 Isti
2099 1663 2237 1715 enim
2272 1678 2351 1714 re-

779 1751 904 1790 vera
934 1739 1101 1792 insani
1131 1750 1272 1807 sunt,
1303 1758 1365 1797 ac
1394 1745 1657 1799 daemonio
1681 1748 1839 1815 pleni,
1872 1752 1957 1816 qni
1996 1767 2172 1805 rerum
2202 1766 2353 1806 natu-

772 1842 882 1879 ram
920 1838 972 1881 ut
1000 1844 1117 1884 sese
1146 1831 1337 1887 habeat
1366 1834 1557 1889 intueri
1581 1853 1864 1907 numquam
1896 1841 2225 1906 didicerunt,
2257 1844 2349 1897 sed

768 1933 828 1971 ea
860 1934 975 1988 qure
1005 1933 1125 1975 sunt
1165 1924 1406 1980 laudibus
1434 1926 1737 1997 dignissima
1782 1932 2112 1999 vituperant,
2138 1942 2189 1985 ct
2233 1950 2349 2002 qua:

770 2020 892 2063 sunt
939 2014 1307 2080 exprobranda
1353 2018 1403 2069 in
1457 2018 1794 2072 laudabilium
1846 2023 2167 2076 transferunt
2210 2024 2352 2077 ordi-

771 2116 910 2153 nem.
948 2102 1195 2158 Plurimis
1227 2115 1279 2159 et
1305 2107 1596 2175 phrenetici
1629 2122 1915 2179 przescntes
1952 2114 2241 2169 maledictis
2274 2116 2351 2167 in-

768 2204 1074 2257 sectantur;
1106 2197 1194 2249 sed
1228 2199 1315 2267 qui
1345 2199 1427 2253 illa
1456 2201 1675 2255 audiunt
1715 2205 1885 2259 nullas
1922 2220 1979 2258 se
2019 2208 2123 2274 pati
2165 2217 2349 2260 contu-

773 2285 957 2337 melius
987 2288 1311 2343 evistimant.
1341 2289 1407 2343 Et
1436 2302 1486 2343 tu
1531 2294 1683 2360 igitur
1710 2310 1829 2347 cum
1862 2305 2097 2349 amentes
2131 2298 2246 2350 illos
2278 2299 2347 2351 ita

776 2374 915 2443 loqui
944 2377 1096 2431 audis
1121 2421 1135 2442 ,
1185 2380 1290 2433 noli
1317 2384 1690 2437 contumeliam
1724 2396 1812 2438 aut
1840 2388 2200 2441 confusionem
2231 2404 2346 2442 eam

773 2482 886 2521 rem
919 2471 1242 2535 existimare,
1266 2490 1329 2527 ne
1352 2490 1474 2528 vere
1498 2475 1704 2544 probris
1729 2488 1776 2531 te
1798 2479 2013 2548 dignum
2037 2482 2342 2545 constituas,

768 2561 890 2613 dum
920 2573 1100 2616 contra
1134 2574 1181 2619 te.
1215 2566 1376 2620 Deum
1407 2584 1678 2636 pret-«eas.
1712 2571 1840 2624 Cum
1865 2572 2004 2625 enim
2032 2589 2091 2627 ea
2111 2589 2226 2643 quae
2254 2588 2347 2642 pro

770 2661 944 2704 nostra
973 2655 1341 2711 emendatione
1363 2666 1415 2711 et
1441 2659 1660 2712 utilitate
1688 2676 1715 2712 a
1746 2660 1855 2714 Deo
1878 2661 2198 2727 inferuntur,
2229 2679 2350 2732 pro~

772 2741 865 2793 bro
898 2743 989 2795 tibi
1013 2760 1128 2797 cs:~‘c
1155 2747 1446 2812 arbitraris,
1475 2748 1592 2801 vide
1620 2765 1723 2817 quo
1741 2748 1840 2803 hoc
1868 2752 2060 2806 malum
2094 2764 2346 2822 emerget.

843 2832 894 2883 5.
937 2834 1088 2897 Quod
1118 2836 1159 2887 si
1189 2837 1264 2889 vis
1285 2838 1371 2906 qui
1402 2841 1506 2891 sint
1532 2856 1711 2893 revera
1744 2841 2053 2896 confusione
2080 2853 2133 2896 et
2161 2860 2352 2913 expro-

776 2922 1014 2977 i)t':tll0llc
1041 2926 1181 2991 digni
1218 2930 1548 2995 perspicere;
1580 2946 1775 3000 paucos
1807 2949 1835 2986 e
1865 2934 2042 2987 multis
2074 2936 2161 2988 tibi
2190 2952 2351 2990 cona-

773 3014 1194 3069 norostendere.
1246 3017 1352 3071 Eos
1403 3019 1637 3089 inSpice,
1691 3022 1776 3091 qui
1830 3023 2107 3078 mulierum
2164 3026 2347 3081 {omne

770 3103 915 3155 omni
942 3105 1117 3157 sttnlio
1145 3106 1336 3160 addicti
1365 3119 1506 3172 sunt,
1541 3113 1628 3179 qui
1660 3114 1896 3181 pecuniis
1920 3131 2089 3184 usque
2113 3118 2177 3170 ad
2211 3119 2350 3171 insa—

768 3193 907 3246 niam
941 3194 1178 3261 inhiant,
1210 3198 1296 3266 qui
1334 3202 1581 3267 potentia:
1610 3218 1671 3255 ac
1720 3203 1900 3272 gloriie
1947 3217 2068 3259 sunt
2119 3208 2350 3276 cupidis—

765 3284 882 3337 simi
910 3327 923 3347 ,
970 3296 1131 3356 utque
1180 3289 1277 3342 ista
1303 3304 1729 3362 consequantur,
1769 3311 1924 3363 agere
1965 3300 2139 3351 omnia
2164 3310 2213 3352 et
2242 3300 2344 3367 pati

768 3376 1049 3439 sustinent,
1080 3377 1166 3445 qui
1196 3378 1358 3432 livore
1388 3389 1441 3433 et
1470 3382 1662 3435 invidia
1692 3383 1987 3452 tabescunt,
2010 3388 2096 3456 qui
2130 3389 2258 3441 nihil
2289 3405 2348 3444 se

772 3462 1085 3519 hedentibus
1112 3466 1457 3534 insidiantur,
1508 3473 1594 3540 qui
1639 3482 1807 3526 atram
1838 3474 1996 3529 bilem
2043 3480 2345 3547 patiuntur,

764 3552 853 3619 qui
882 3554 999 3606 vita:
1023 3557 1296 3622 praesentis
1322 3561 1605 3615 vanitatem
1647 3576 1851 3617 summa
1880 3566 2025 3620 rabie
2055 3578 2342 3623 sectantur.

768 3642 866 3693 Ista
895 3659 1078 3698 revera
1109 3657 1263 3716 atque
1290 3646 1372 3701 bis
1393 3650 1587 3703 similia
1617 3656 1846 3707 vesania:
1874 3669 1997 3709 sunt
2017 3672 2199 3727 opera,
2223 3674 2346 3730 Stip-

767 3733 1026 3803 plicioque
1070 3736 1259 3805 digna;
1319 3739 1416 3792 ista
1460 3741 1667 3807 probris
1726 3754 1881 3813 atque
1920 3748 2159 3804 irrisione
2206 3751 2347 3806 insc-

765 3823 973 3876 ctanda.
1004 3824 1169 3879 Porro
1191 3828 1233 3879 si
1265 3829 1382 3897 quis
1409 3828 1531 3883 dum
1562 3834 1899 3899 pcrturbamr
1924 3851 1951 3888 ε
1984 3837 2241 3904 darmone,
2269 3844 2345 3896 sic

767 3928 975 3983 quoque
1002 3932 1262 3971 summam
1290 3921 1339 3973 in
1383 3922 1484 3975 vita
1515 3923 1900 3993 philosophiam
1932 3930 2211 3995 exhibeat,
2240 3950 2342 3987 non

764 4005 937 4059 solum
968 4022 1071 4060 non
1102 4010 1504 4079 exprobrandus
1529 4055 1542 4079 ,
1575 4030 1759 4069 verum
1805 4020 2144 4076 admirandus
2191 4040 2342 4079 coro-

766 4097 1080 4166 nandusque
1128 4100 1195 4153 ab
1240 4102 1485 4157 omnibus
1511 4114 1620 4167 est,
1651 4108 1737 4176 qui
1772 4119 1848 4161 tot
1897 4112 2161 4181 tantisque
2208 4132 2343 4180 prie-

765 4187 972 4253 peditus
1031 4190 1288 4254 vincolis,
1337 4208 1549 4249 corsmn
1590 4197 1720 4252 adeo
1774 4198 2093 4256 laboriosum
2138 4207 2338 4272 currit,

761 4278 1083 4348 arduamun
1118 4291 1169 4333 et
1195 4298 1434 4350 asperam
1460 4289 1769 4342 conscendit
1797 4291 2004 4347 virtutis
2029 4294 2186 4347 viam.
2219 4296 2337 4350 Cte—

764 4376 931 4421 terunt
952 4372 1130 4423 nescio
1152 4388 1255 4441 quo
1276 4384 1425 4442 pacto
1443 4392 1525 4431 me
1546 4389 1678 4446 pene
1701 4390 1751 4434 et
1769 4381 1908 4437 aliud
1931 4384 2337 4457 etTugerit,quod

764 4461 875 4529 ipse
902 4463 1017 4530 plus
1059 4465 1218 4520 habes
1260 4483 1416 4536 quam
1448 4469 1638 4525 fratres
1679 4473 1885 4541 reliqui.
1936 4476 1988 4529 Id
2035 4486 2210 4533 autem
2260 4491 2340 4534 est

764 4550 1061 4618 hujusmodi
1086 4574 1096 4607 :
1119 4556 1172 4609 Si
1196 4558 1317 4626 quid
1343 4576 1369 4613 a
1401 4570 1449 4613 te
1478 4549 1751 4629 peccatum
1776 4575 1876 4630 ρει,
1906 4565 2059 4621 facile
2092 4585 2185 4639 per
2206 4569 2339 4625 hanc

762 4656 1061 4707 pressuram
1087 4646 1137 4699 id
1169 4661 1325 4702 omne
1347 4649 1555 4707 deletur
1579 4667 1639 4707 ac
1668 4656 1974 4711 remittitur.
2004 4660 2178 4730 Atque
2201 4676 2229 4714 a
2255 4679 2339 4717 me

760 4728 861 4787 hoc
890 4745 1042 4790 antea
1074 4745 1342 4793 ostensum
1365 4750 1463 4807 est,
1492 4757 1611 4797 cum
1635 4745 1701 4799 de
1729 4745 1948 4814 Lazaro,
1974 4728 2112 4805 etde
2135 4752 2225 4805 illo
2247 4754 2335 4822 qui

760 4826 899 4893 apud
924 4825 1229 4884 Corinthios
1256 4830 1543 4889 fornicatus
1587 4847 1661 4890 est
1683 4879 1696 4903 ,
1729 4855 2031 4895 sermonem
2060 4842 2333 4900 haberem.

758 4916 862 4971 Sed
904 4922 1074 4987 patri,
1108 4922 1316 4991 inquies
1340 4966 1354 4990 ,
1382 4926 1545 4981 timeo
1574 4947 1583 4980 :
1617 4932 1715 4983 etsi
1744 4934 1921 4986 omnia
1954 4950 2068 4987 mea
2099 4938 2336 4993 modeste

756 5022 819 5061 ac
850 5007 1039 5064 leniter
1065 5014 1297 5081 perferre
1330 5019 1549 5084 possim,
1581 5022 1849 5089 quomodo
1890 5025 2027 5080 illius
2068 5044 2247 5083 casum
2273 5045 2335 5085 at:

758 5098 1029 5152 vesaniam
1076 5100 1273 5169 feram,
1322 5107 1365 5159 si
1410 5110 1624 5177 quando
1654 5113 1778 5180 quid
1833 5114 2019 5169 horum
2075 5121 2335 5173 senserit?

673 5214 681 5219 ν
759 5194 1027 5251 Hactenus
1053 5199 1263 5268 quidem
1293 5202 1421 5257 nihil
1454 5210 1731 5273 persensit.
1763 5208 1852 5264 Est
1880 5222 2055 5265 autem
2090 5215 2335 5269 maximm

759 5285 1205 5353 pusillanimitatis
1225 5308 1409 5348 eorum
1443 5281 1629 5366 g'ratia,
1661 5317 1779 5369 qua:
1809 5312 1988 5372 postea
2019 5306 2331 5376 aliquando,

757 5376 840 5432 vel
875 5378 1035 5433 etiam
1074 5384 1292 5438 omnino
1346 5401 1448 5441 non
1499 5401 1750 5446 eventura
1782 5402 1922 5459 sunt,
1953 5413 2181 5453 mmrore
2224 5400 2333 5469 jam

757 5482 856 5523 nos
906 5484 967 5524 ac
1012 5470 1198 5529 dolore
1241 5476 1523 5533 conficere.
1556 5481 1705 5537 Unde
1750 5486 1888 5539 enim
1939 5489 2089 5543 nobis
2130 5502 2337 5547 constet

758 5559 871 5615 hac
909 5561 973 5615 ad
1004 5562 1142 5619 illius
1178 5578 1488 5635 perventura
1538 5575 1815 5629 notitiam?
1855 5579 1964 5631 lino
1991 5596 2119 5635 vero
2140 5584 2207 5637 sit
2236 5583 2336 5640 hoc

756 5655 913 5723 plane
945 5658 1278 5727 perspicuum
1301 5700 1318 5727 ,
1373 5663 1831 5736 coiieedamusque
1857 5710 1869 5729 ,
1904 5670 1946 5721 si
1986 5672 2060 5724 vis
2082 5712 2096 5736 ,
2144 5684 2335 5729 cuncta

751 5745 903 5803 illum
938 5749 1297 5817 nasciturum,
1344 5752 1673 5825 plurimaque
1722 5760 1973 5814 atrociter
2027 5762 2330 5819 facturum:

3937 340 4045 397 45‘)

2469 453 2622 506 laudo
2656 466 2701 507 te
2746 458 3011 525 equidem,
3038 460 3079 511 si
3135 458 3273 511 illius
3317 456 3501 510 doleas
3544 455 3753 518 vicem,
3784 468 4043 511 eceteram

2465 544 2585 596 nolo
2615 546 2661 596 id
2690 562 2808 599 eum
2842 556 2929 599 tuo
2965 548 3287 601 detrimento
3334 546 3515 600 fat-ias.
3564 546 3769 615 Quippe
3812 561 3905 601 eos
3952 550 4045 614 qui

2461 652 2519 688 ea
2550 652 2667 703 qum
2697 654 2907 691 sursum
2936 650 3055 691 sunt
3084 639 3326 706 sapiunt,
3369 648 3418 692 et
3449 653 3553 691 non
3584 653 3702 707 qut?
3728 652 3891 706 super
3938 646 4049 691 ter-

2475 742 2593 793 am,
2629 744 2731 780 non
2755 730 2926 782 solum
2958 730 3024 783 ab
3055 732 3128 783 ira
3162 740 3209 782 et
3252 729 3679 798 concupiscentia
3725 729 4049 797 carterisque

2463 820 2965 887 perturbationilnis,
2993 820 3085 873 sed
3110 836 3137 872 a
3169 834 3399 873 mturare
3432 821 3591 872 etiam
3615 819 3885 873 abstinere
3916 834 4052 872 con-

2461 909 2620 965 venit.
2654 909 2749 963 llie
2778 912 2919 963 enim
2956 911 3107 979 longe
3140 910 3397 978 pluribus,
3426 926 3583 979 quam
3614 920 3737 963 sunt
3766 910 4051 979 perturba-

2461 1000 2630 1051 tiones
2658 1000 2789 1061 ill.c,
2826 1016 2924 1054 nos
2964 1000 3312 1053 incommodis
3337 1001 3531 1063 afticit;
3575 1015 3900 1069 prorsnsque
3952 1014 4053 1053 ne-

2458 1104 2605 1142 cesse
2631 1099 2713 1143 est
2760 1092 3013 1144 adversus
3064 1091 3210 1143 illum
3253 1108 3350 1144 nos
3397 1092 3681 1145 fortissime
3730 1093 4047 1160 insurgere,

2459 1179 2557 1231 nisi
2585 1183 2803 1233 omnino
2832 1181 3005 1249 perire
3032 1182 3272 1234 velimus.
3304 1180 3433 1234 Nam
3482 1182 3524 1233 si
3559 1182 3771 1249 quidem
3808 1187 3921 1252 ipse
3944 1182 4055 1235 hu-

2454 1269 2687 1337 jnsniodi
2709 1271 3070 1324 calamitatum
3100 1273 3233 1340 patri
3261 1281 3448 1325 auctor
3469 1271 3674 1325 futurus
3703 1287 3873 1337 esses,
3896 1284 4052 1327 recte

2468 1374 2585 1411 iane
2616 1360 2907 1427 trepidares
2941 1378 3001 1415 ac
3027 1371 3304 1427 tremores,
3333 1364 3422 1430 qui
3452 1372 3609 1415 tanta:
3632 1363 3701 1415 illi
3733 1364 4053 1432 perditionis

2457 1461 2614 1500 causa
2641 1464 2823 1511 esses;
2854 1453 2933 1503 sin
2964 1462 3139 1504 autem
3186 1443 3409 1519 ipsemet
3450 1453 3674 1504 summis
3702 1452 3856 1505 malis
3881 1464 4053 1521 atque

2458 1538 2807 1594 incommodis
2838 1541 2974 1595 allici
3005 1542 3134 1607 vult,
3162 1542 3290 1595 nihil
3320 1551 3371 1597 te
3400 1543 3588 1597 borum
3614 1544 3822 1612 penitus
3852 1543 4048 1611 tangit,

2457 1632 2555 1684 nisi
2580 1632 2631 1685 in
2660 1644 2912 1701 quantum
2943 1636 3077 1701 patri
3108 1635 3190 1703 pie
3218 1634 3611 1688 condolendum
3641 1644 3741 1688 est.
3774 1635 4048 1689 Prmterea

2457 1725 2721 1778 nescimus
2750 1726 3016 1794 quomodo
3062 1726 3363 1795 hujusmodi
3407 1726 3647 1779 nuntium
3698 1726 3786 1781 ille
3840 1727 4053 1780 laturus

2456 1812 2556 1877 sit;
2581 1814 2799 1881 plurima
2816 1816 2956 1868 enim
2979 1831 3119 1884 scopo
3140 1827 3320 1870 contra
3340 1832 3495 1885 quam
3523 1817 3851 1884 sperabatur,
3872 1832 4051 1870 emcr-

2455 1915 2659 1957 serunt.
2694 1904 2822 1958 Nam
2855 1916 2907 1959 et
2936 1907 3061 1960 illud
3092 1922 3250 1961 unum
3279 1917 3360 1961 est
3388 1922 3453 1961 ex
3486 1907 3567 1972 iis,
3602 1924 3717 1975 qua:
3749 1923 3870 1959 raro
3898 1908 4051 1960 acci-

2456 1995 2617 2059 dunt;
2650 2007 2703 2049 at
2749 1997 2849 2051 hoc
2871 1999 3143 2067 probabile
3167 2008 3279 2063 est,
3320 2014 3381 2052 ac
3407 1999 3719 2068 plerumque
3750 2000 3885 2053 solet
3914 2016 4048 2055 eve-

2456 2088 2587 2143 nire.
2622 2088 2777 2144 Unde
2808 2090 2857 2143 id
2886 2091 3059 2160 colligi
3088 2092 3295 2160 pmest?
3322 2092 3489 2145 llabet
3517 2092 3842 2146 adulterinos
3871 2093 4007 2146 filios
4030 2135 4047 2158 ,

2453 2198 2586 2251 quos
2616 2191 2668 2238 et
2700 2184 2910 2253 plurimi
2955 2185 3113 2249 facit;
3165 2201 3324 2256 porro
3371 2186 3483 2239 lucc
3530 2187 3671 2241 illius
3712 2186 3909 2239 amoris
3964 2186 4049 2241 vis

2454 2276 2712 2340 ejusmodi
2744 2292 3027 2330 ιιιατυτρηι
3066 2278 3311 2331 facillime
3337 2278 3502 2332 lenire
3534 2278 3743 2347 poterit.
3774 2277 3852 2332 Ne
3883 2278 4049 2347 igitur

2456 2366 2645 2420 frustra
2679 2369 2902 2437 teipsum
2931 2371 3071 2424 caris
3097 2372 3387 2424 excrucies.
3445 2370 3576 2424 Nam
3620 2372 3661 2425 si
3691 2372 3855 2440 patris
3884 2386 4047 2425 Causa

2454 2456 2737 2512 dolendum
2767 2470 2878 2525 est,
2908 2461 3021 2530 ejus
3053 2462 3289 2531 profecto
3316 2464 3391 2517 rei
3419 2464 3583 2533 gratia
3616 2463 3901 2517 dolendum
3924 2472 4045 2532 est,

2453 2547 2590 2617 quod
2609 2551 3049 2606 irrationabilibus
3067 2554 3527 2624 sumptibus,quod
3541 2556 4041 2624 comessationibus,

2454 2642 2593 2709 quod
2627 2643 2759 2696 fastu
2782 2654 2834 2698 et
2866 2647 3139 2716 tyrannide
3162 2688 3175 2711 ,
3203 2647 3343 2717 quod
3377 2650 3619 2717 pra-senti
3652 2650 3916 2704 adulterio
3942 2651 4038 2705 do-

2454 2732 2594 2786 ditus
2620 2734 2704 2787 sit.
2734 2737 2811 2787 An
2844 2746 2896 2788 tu
2928 2736 3191 2791 modicum
3218 2739 3390 2791 scelus
3412 2740 3682 2794 existimas
3713 2756 3898 2807 uxore,
3932 2758 4043 2795 ma-

2457 2831 2533 2877 tre
2561 2836 2752 2891 vestra,
2784 2826 3051 2893 incolumi,
3084 2829 3297 2884 alterius
3330 2831 3515 2897 puella:
3555 2832 3806 2884 maculari
3838 2846 4042 2886 concu-

2456 2917 2584 2978 bitu,
2616 2918 2852 2987 lilio.~que
2882 2936 2943 2973 ex
2994 2921 3175 2985 illicito
3207 2936 3487 2990 procreare
3536 2923 3907 2976 matrimonio?
3940 2923 4044 2981 Ista

2453 3010 2620 3073 luctu,
2656 3009 2752 3063 ista
2787 3013 3032 3082 lacrytnis
3058 3012 3240 3082 digna,
3269 3029 3387 3083 qua:
3409 3025 3589 3082 aperta
3618 3026 3737 3068 sunt
3768 3017 3929 3082 mala,
3957 3028 4044 3070 at-

2453 3115 2556 3169 que
2604 3100 2655 3155 in
2687 3102 2845 3156 linem
2874 3103 3123 3172 perducta
3156 3120 3169 3159 :
3201 3120 3316 3173 quae
3369 3121 3497 3159 vero
3546 3107 3615 3159 tui
3658 3122 3817 3160 causa
3868 3107 4046 3163 futura

2452 3204 2593 3258 sunt,
2615 3196 2724 3249 fieri
2748 3206 2921 3266 potest
2947 3207 3002 3250 ut
3025 3199 3205 3267 gravia
3235 3200 3361 3264 sint,
3388 3199 3499 3253 fieri
3533 3200 3677 3265 item,
3706 3209 3763 3253 ut
3788 3201 4048 3269 opinione

2452 3286 2682 3351 leviora;
2717 3301 2938 3341 summa:
2970 3304 3098 3341 vero
3134 3299 3273 3343 esset
3312 3290 3558 3343 amentia:
3600 3290 3650 3343 in
3697 3290 3855 3344 rebus
3904 3291 4047 3346 adeo

2453 3377 2671 3431 incertis
2703 3389 2851 3432 certo
2892 3395 2951 3433 se
2989 3380 3099 3448 jam
3137 3382 3373 3434 cruciatu
3417 3381 3700 3437 conficere.
3752 3383 3819 3437 L't
3860 3393 4044 3438 autem

2451 3471 2808 3525 concedamus
2840 3472 3049 3527 interim
3102 3473 3243 3525 illum
3276 3473 3743 3529 vehementissima
3794 3475 4046 3544 indigna-

2452 3562 2595 3616 tione
2624 3563 3033 3629 concitandum,
3066 3575 3117 3617 at
3148 3565 3403 3619 citissime
3436 3565 3703 3619 sedabitur
3728 3608 3741 3627 ,
3793 3575 3847 3619 et
3884 3576 4046 3620 antc-

2449 3668 2607 3721 qnam
2636 3654 2790 3722 plane
2818 3656 3149 3721 incendatur,
3175 3656 3561 3725 exstingttetur.
3590 3656 3759 3710 llomo
3788 3657 3930 3710 enim
3962 3668 4046 3712 tot

2448 3744 2651 3798 deliciis
2680 3745 2909 3811 deditus,
2944 3748 3406 3816 Inaximaruniqnc
3434 3763 3611 3800 rerum
3641 3750 3782 3800 curis
3808 3740 4008 3816 implici
4031 3780 4046 3789 .

2450 3845 2552 3902 tus,
2583 3840 2842 3906 parasitos
2880 3850 2931 3892 ct
2958 3848 3315 3893 assentatores
3343 3841 3581 3894 nutriens
3602 3882 3616 3903 ,
3650 3840 3944 3910 pttellmqttc
3972 3840 4045 3893 il-

2451 3930 2549 3985 lius
2575 3947 2761 3986 amore
2787 3933 3034 3987 incensus
3054 3972 3069 3995 ,
3099 3947 3163 3986 ex
3195 3946 3296 4001 qna
3325 3932 3473 3987 vobis
3517 3948 3585 3985 ex
3618 3932 3901 3985 medietate
3927 3932 4044 3985 fra-

2450 4031 2557 4076 tres
2588 4022 2764 4087 habet,
2794 4024 2951 4077 etiam
2984 4024 3025 4076 si
3069 4033 3185 4076 tuos
3231 4038 3388 4077 casus
3436 4024 3762 4092 perceperit,
3793 4023 4042 4078 dolorem

2448 4114 2724 4170 minimum
2747 4124 2799 4169 et
2831 4116 2979 4169 nihili
3009 4115 3307 4170 faciendum
3339 4118 3531 4186 capiet.
3566 4117 3725 4186 quue
3749 4132 3852 4171 non
3882 4133 3947 4170 ex
3972 4116 4043 4173 iis

2447 4206 2618 4259 solum
2638 4222 2755 4275 qua:
2778 4206 2907 4269 dixi,
2928 4207 3019 4260 sed
3043 4224 3109 4261 ex
3128 4208 3404 4275 prtetcritis
3424 4208 3669 4277 conjicio.
3700 4208 3844 4262 Nosti
3868 4209 4042 4273 enim,

2447 4299 2601 4367 plane
2633 4298 2793 4363 nosti,
2823 4314 2942 4351 cum
2972 4308 3022 4353 te
3051 4300 3136 4352 ille
3158 4300 3377 4352 nimium
3402 4309 3557 4354 antea
3587 4299 3852 4368 diligeret,
3879 4309 4043 4368 teque

2444 4390 2679 4443 omnium
2708 4391 2826 4445 loco
2853 4391 3092 4454 haberet,
3123 4407 3187 4446 ex
3234 4406 3340 4460 quo
3366 4402 3417 4446 te
3456 4392 3521 4445 ad
3549 4394 3930 4445 monachorum
3959 4393 4044 4445 vi—

2447 4493 2551 4535 tam
2582 4483 2926 4545 transtulisti,
2961 4482 3182 4537 affectus
3221 4483 3393 4536 omnis
3425 4484 3511 4537 ille
3553 4498 3709 4552 quam
3743 4482 4043 4538 exstinctus

2443 4574 2528 4626 sit.
2549 4573 2676 4627 Rem
2699 4574 2840 4628 enim
2872 4574 2962 4628 ille
2989 4583 3041 4627 te
3062 4573 3239 4628 facere
3266 4582 3496 4641 turpem,
3529 4589 3590 4627 ac
3618 4573 3877 4639 majorum
3908 4586 4043 4626 suo-

2444 4681 2558 4719 rum
2586 4666 2868 4735 splendore
2898 4666 3163 4735 indignam
3184 4707 3198 4729 ,
3241 4664 3568 4733 gloriamque
3594 4680 3744 4717 suam
3773 4673 3823 4717 te
3853 4662 4042 4717 detur-

2444 4771 2567 4825 pare
2593 4756 2836 4810 dicebat:
2865 4766 2917 4812 et
2941 4758 3039 4810 nisi
3063 4765 3264 4810 natura:
3288 4756 3433 4809 illum
3463 4756 3751 4810 necessitas
3769 4754 4038 4807 cohibuis-

2441 4857 2540 4906 set.
2575 4856 2624 4902 te
2651 4847 2867 4901 forsitan
2910 4849 3225 4903 abdicasset.
3273 4846 3477 4914 Itaque,
3519 4846 3617 4899 nisi
3650 4855 3823 4899 tanien
3880 4845 4044 4899 nimis

2442 4944 2675 5010 Saeptum
2695 4941 2832 5011 quod
2849 4940 3023 4994 dicam
3040 4938 3530 5003 videatur,arbitror
3543 4938 3688 4991 illum
3709 4951 3821 4990 rem
3834 4945 4039 5007 gestam

2440 5046 2559 5086 cum
2588 5032 2854 5100 voluptate
2881 5031 3202 5094 auditurum,
3231 5029 3379 5097 quasi
3408 5042 3592 5097 ptenas
3624 5026 3859 5093 dederis,
3895 5027 4041 5096 quod

2440 5133 2625 5177 orante
2656 5123 2743 5176 illo
2770 5122 2984 5191 smpins,
3007 5131 3164 5191 atque
3190 5138 3219 5174 ιι
3248 5122 3367 5173 vita":
3398 5120 3549 5173 istius
3578 5118 3852 5172 tolerantia
3876 5126 3929 5171 te
3954 5134 4043 5172 re-

2442 5230 2653 5269 movere
2669 5215 2933 5282 cupiente,
2952 5213 3229 5268 consilium
3250 5212 3415 5281 ipsius
3432 5226 3719 5281 numquam
3734 5211 4037 5265 admiseris.

2512 5310 2565 5362 «5.
2599 5308 2663 5361 Et
2691 5308 2758 5361 de
2801 5318 2949 5376 patre
2978 5307 3194 5377 quidem
3235 5320 3295 5359 ac
3328 5305 3517 5359 timore
3558 5314 3677 5367 tuo,
3708 5319 3813 5373 quo
3840 5304 3907 5358 de
3946 5304 4043 5357 illo

2443 5400 2671 5454 maxime
2699 5399 2962 5454 sollicitus
2993 5414 3084 5463 es,
3127 5399 3223 5451 ista
3257 5398 3410 5451 habui
3442 5413 3560 5467 qua:
3588 5397 3853 5461 dicerem,
3882 5395 4040 5448 suffi-

2442 5492 2631 5546 cientia
2658 5532 2672 5552 ,
2704 5500 2763 5544 ut
2794 5506 2934 5555 reor,
2970 5490 3033 5543 ad
3062 5505 3273 5544 omnem
3306 5487 3668 5558 hujuscemodi
3707 5498 3903 5540 metum
3937 5503 4003 5539 ex
4026 5515 4038 5524 -

2443 5585 2777 5639 cludendntn.
2802 5584 3062 5651 Quoniam
3092 5598 3221 5636 vero
3249 5580 3508 5639 malorum
3537 5590 3743 5631 tuorum
3772 5593 4038 5631 summam

2443 5692 2563 5731 esse
2602 5677 2910 5740 asserebas,
2943 5676 3081 5744 quod
3127 5690 3295 5745 neque
3322 5673 3388 5727 de
3421 5671 3611 5727 futuris
3649 5687 3831 5741 posses
3865 5672 4035 5725 conﬁ-

2446 5766 2594 5835 dere,
2625 5785 2793 5837 neque
2821 5771 2983 5823 scires
3016 5766 3386 5837 hujusuiodine
3412 5780 3659 5834 umquam
3687 5765 3905 5818 v;nculis
3927 5762 4036 5818 ωι-
