4264 6312
89 390 188 453 481

87 529 218 567 νων.
253 504 386 565 Εἶτα
418 508 721 581 ἀνθρώπων
771 508 869 580 μὲν
905 507 1344 580 ἐπηρεαζόντων,
1376 506 1436 559 τὸ
1472 506 1658 575 φέρειν
1682 501 1780 572 τὴν

87 600 360 672 ἐπήρειαν
395 599 618 661 ἔπαινος
638 616 651 628 ·
678 596 771 651 τοῦ
812 598 868 651 δὲ
900 598 1112 651 πάντων
1148 594 1516 666 πονηροτέρου
1548 592 1611 645 τὸ
1650 591 1784 645 αὐτὸ

88 687 251 741 τοῦτο
275 687 580 750 ποιοῦντος,
606 687 633 739 ὀ
658 686 755 757 τὴν
792 684 1003 738 ἐκείνου
1032 684 1231 755 μανίαν
1254 681 1520 751 γενναίως
1545 676 1785 748 ἐνεγκὼν

990 390 1081 446 AD
1125 387 1508 446 STAGIRIUM
1553 387 1596 441 Α
1632 375 1943 440 ῡιΕΜΟΝΕ
1985 378 2345 441 VEXATUM.
2389 382 2519 439 LIB.
2561 380 2622 438 11.

3477 372 3586 431 851

1892 500 2033 573 ὑπὲρ
2054 501 2162 553 τῶν
2192 500 2405 553 ἐκείνου
2429 498 2639 561 κακῶν,
2676 496 2777 551 οὐκ
2831 495 2969 561 ἀξιῶ
2995 494 3053 548 δὲ
3086 493 3228 566 μετά
3258 491 3358 561 τῆς
3386 486 3585 545 σαυτοῦ

1888 590 2093 663 ζημίας
2131 592 2291 646 τοῦτο
2313 594 2522 645 ποιεῖν*
2559 591 2689 654 τοὺς
2712 587 2823 661 γὰρ
2874 586 2946 642 τά
2980 586 3094 642 άνω
3126 581 3463 657 φρονοῦντας
3489 580 3587 637 καὶ

1890 684 1966 754 μὴ
2008 685 2075 737 τὰ
2102 684 2195 737 ἐπὶ
2224 684 2325 755 τῆς
2352 684 2475 755 γῆς,
2508 685 2569 737 οὐ
2602 683 2778 755 θυμοῦ
2817 682 2978 754 μόνον
3023 679 3118 733 καὶ
3154 675 3457 749 ἐπιθυμίας
3490 674 3589 728 καὶ

86 775 552 839 καταδύσεταιώς
581 774 841 844 ἐπίψογον
867 775 1102 844 πρᾶγμα
1133 772 1337 837 ποιῶνς
1362 769 1476 824 καὶ
1496 770 1547 822 τί
1579 765 1785 835 ταύτης
1878 776 1996 831 τῶν
2036 776 2211 830 ἄλλων
2243 774 2437 829 παθῶν
2456 814 2472 839 ,
2506 774 2643 829 ἀλλά
2672 774 2768 827 καὶ
2806 771 3049 844 ἀθυμίας
3086 770 3312 827 κρατεῖν
3342 767 3444 821 δεῖ.
3475 763 3589 840 καὶ

84 864 191 934 τῆς
219 862 593 925 ἐναντιώσεως
616 859 954 933 ἀλογώτερον
976 860 1175 930 γένοιτ’
1198 861 1262 915 ἀν
1285 877 1299 925 ;
1329 860 1392 912 Εί
1425 858 1523 930 μέν
1550 856 1660 927 γὰρ
1678 854 1788 909 ἀπο,

82 958 189 1027 τῆς
222 954 487 1019 πτώσεως
516 953 670 1027 [182]
710 952 950 1017 ἀναστάς
997 952 1235 1023 ἐκείνης,
1268 950 1468 1007 ἄτοπόν
1498 969 1551 1004 τι
1582 950 1789 1020 πρᾶξαι

86 1043 381 1115 προήχθης
408 1044 441 1115 ἢ
480 1043 676 1107 εἰπεῖν,
708 1037 829 1096 οὐδὲ
852 1039 1016 1105 αὐτὸς
1036 1040 1103 1095 ἂν
1136 1040 1385 1093 ἐκώλυσα
1414 1037 1555 1111 ύπέρ
1583 1039 1789 1092 τούτων

82 1127 546 1186 κατακόπτεσθαι
612 1130 709 1184 καὶ
755 1130 970 1200 ἀλγεῖνο
1045 1130 1094 1183 εί
1139 1128 1197 1182 δὲ
1259 1127 1398 1199 μετά
1436 1121 1791 1200 εὐχαριστίας

83 1216 314 1274 ἅπαντα
348 1219 680 1288 φέρεις,“καἰ
714 1220 795 1282 είς
827 1216 1143 1289 προσευχὰς
1164 1215 1368 1279 εὐθέως
1398 1215 1627 1291 τρέπεις
1655 1232 1790 1267 σαυ-

83 1309 203 1374 τὸν,
237 1309 292 1362 τί
326 1309 446 1362 ποτ’
468 1304 562 1362 οὖν
595 1310 712 1361 ἐστι
731 1304 794 1361 τὸ
824 1304 1015 1361 ποιοῦν
1032 1307 1131 1378 τὴν
1153 1303 1421 1377 αἰσχύνην
1446 1320 1460 1371 ;
1492 1302 1636 1357 Ἀλλ’
1662 1302 1792 1367 ἴσως

84 1392 322 1468 ἀλγεινά
354 1398 423 1450 τά
457 1396 609 1470 παρὰ
639 1388 749 1450 τῶν
779 1396 954 1450 ἀλλων
982 1391 1185 1465 ὀνείδη.
1604 1386 1607 1391 ’

160 1523 279 1576 Καὶ
327 1522 383 1575 τί
436 1522 644 1576 τούτων
679 1519 1174 1591 ἐπονειδιστότερον
1201 1518 1401 1587 γένοιτ’
1443 1516 1531 1582 ἂν,
1573 1514 1623 1567 οἳ
1659 1512 1795 1585 μηδέ

83 1612 241 1683 ἀπερ
269 1610 548 1676 ὀνειδίζειν
566 1610 673 1683 χρὴ
690 1609 924 1664 δύναιντ’
945 1608 1011 1663 ἂν
1038 1607 1239 1661 εἰδέναι
1272 1605 1455 1670 καλῶς
1473 1624 1487 1673 ;
1507 1596 1671 1659 Οὗτοι
1687 1604 1797 1674 γὰρ

83 1700 316 1771 ἀληθῶς
340 1700 477 1752 εἰσιν
498 1699 548 1752 οἱ
575 1698 893 1769 μαινόμενοι
933 1698 1028 1751 καὶ
1063 1696 1451 1765 δαιμονῶντες,
1478 1695 1529 1747 οἱ
1563 1692 1633 1747 τὰ
1654 1692 1799 1763 πρά-

82 1806 281 1860 γματα
318 1788 395 1851 ὼς
427 1787 540 1860 ἔχει
578 1786 795 1857 φύσεως
840 1785 915 1857 μὴ
968 1783 1353 1857 μεμαθηκότες
1379 1783 1534 1854 όρᾷν,
1568 1780 1707 1835 ἀλλά
1728 1780 1799 1834 τὰ

88 1878 196 1949 μέν
224 1877 468 1931 ἐπαίνων
516 1875 641 1940 ἄξια
679 1874 966 1943 ψέγοντες,
998 1874 1071 1926 τά
1100 1873 1157 1927 δέ
1200 1871 1547 1927 ἐπονείδιστα
1586 1871 1667 1933 εἰς
1696 1869 1797 1940 τὴν

82 1968 201 2021 τῶν
243 1965 658 2036 ἐπαινουμένων
699 1964 853 2031 τάξιν
872 1963 1278 2035 μετατιθέντες.
1295 1961 1474 2017 Πολλά
1501 1961 1597 2015 καὶ
1621 1962 1669 2013 οί
1696 1960 1798 2031 τὴν

84 2056 342 2127 φρενῖτιν
364 2052 648 2115 νοσοῦντες
676 2050 895 2121 λέγουσι
929 2052 1057 2117 τοὺς
1092 2050 1371 2123 παρόντας
1397 2049 1569 2116 κακά,
1597 2048 1715 2103 ἀλλ’
1748 2050 1798 2101 οί

84 2142 392 2205 ἀκούοντες
417 2141 513 2211 οὐχ
542 2138 801 2209 ἡγοῦνται
830 2139 1171 2209 ὑϐρίζεσθαι.
1206 2140 1298 2211 Μὴ
1338 2139 1523 2192 τοίνυν
1568 2138 1706 2209 μηδέ
1734 2137 1798 2191 σὺ

82 2231 204 2283 τῶν
242 2226 619 2299 ἐξεστηκότων
652 2228 877 2281 ἐκείνων
912 2227 1148 2294 ἀκούων,
1186 2227 1451 2298 αἰσχύνην
1488 2227 1587 2281 καὶ
1641 2226 1801 2299 ὓϐριν

84 2322 152 2374 τὸ
206 2321 444 2390 πρᾶγμα
485 2313 628 2370 εἶναι
659 2302 869 2386 νόμιζε,
908 2316 996 2371 ἵνα
1033 2318 1107 2386 μή
1144 2334 1275 2369 ποτε
1302 2316 1520 2389 ἀληθῶς
1547 2315 1803 2368 ἐπονείδι-

88 2427 225 2464 στον
246 2409 603 2478 καταστήσῃς
632 2406 829 2460 σαυτὸν
861 2405 1184 2476 παροξύνων
1207 2408 1298 2461 τὸν
1312 2407 1467 2463 Θεόν.
1502 2408 1671 2461 Ὅταν
1691 2405 1802 2478 γὰρ

85 2500 164 2552 τά
203 2498 345 2569 πρὸς
388 2497 637 2551 παιδείαν
679 2497 774 2549 καὶ
813 2494 1101 2564 ὠφέλειαν
1160 2495 1484 2567 ἐπαγόμενα
1526 2495 1677 2567 παρά
1703 2494 1799 2548 τοῦ

84 2588 257 2650 θεοῦ,
305 2585 480 2639 ταῦτα
524 2582 727 2648 δνειδος
766 2581 904 2637 εἶναι
930 2583 1182 2657 νομίσῃς,
1224 2584 1325 2657 ὅρα
1359 2583 1464 2637 ποῦ
1493 2584 1719 2657 τελευτᾷ
1741 2582 1802 2637 τὺ

87 2674 295 2727 κακόν.
332 2690 333 2693 ‘

166 2805 239 2869 γ’.
286 2798 347 2852 Εἰ
390 2798 500 2870 γάρ
530 2795 710 2868 βούλει
739 2793 865 2860 τοὺς
894 2788 1114 2868 ἀληθῶς
1146 2790 1410 2868 αἰσχύνης
1442 2792 1537 2851 καὶ
1566 2796 1803 2862 ὀνείδους

89 2889 291 2956 ἀξίους
323 2888 471 2950 ἰδεῖν,
506 2884 617 2955 ἐγώ
644 2903 723 2939 σοι
741 2886 1079 2957 πειράσομαι
1114 2888 1177 2939 ἐκ
1200 2885 1413 2939 πολλῶν
1435 2886 1651 2956 ὀλίγους
1668 2887 1802 2941 ύπο-

88 2972 273 3043 δεῖξαι
296 2975 375 3047 τῷ
400 2975 565 3046 λόγῳ.
595 2974 801 3028 Θέασαι
831 2974 959 3037 τοὺς
978 2974 1107 3045 περὶ
1135 2974 1237 3038 τὰς
1267 2975 1576 3047 εὐμορφίας
1602 2976 1802 3045 ἐπτοη-

93 3068 306 3138 μένους
335 3062 444 3119 τῶν
480 3061 778 3131 γυναικῶν,
803 3063 930 3124 τοὺς
965 3062 1095 3133 περὶ
1124 3063 1388 3134 χρήματα
1415 3062 1801 3134 μαινομένους,

88 3157 228 3217 τοὺς
250 3150 572 3215 δυναστείας
607 3150 702 3204 καὶ
727 3145 885 3221 δόξης
906 3149 1171 3221 ἐρῶντας,
1200 3152 1296 3204 καὶ
1325 3152 1504 3206 πάντα
1523 3151 1804 3224 ύπέρτού⁹

88 3259 209 3298 των
237 3240 335 3295 καὶ
368 3239 569 3314 πρᾶξαι
620 3240 714 3292 καὶ
748 3238 943 3292 παθεῖν
987 3238 1371 3310 αἱρουμένους,
1408 3239 1536 3303 τοὺς
1573 3241 1680 3293 ὑπὸ
1702 3239 1804 3310 βα-

91 3330 334 3391 σκανίας
374 3325 732 3399 τηκομένους,
786 3325 912 3390 τοὺς
953 3326 1412 3392 ἐπιϐουλεύοντας
1457 3331 1573 3393 τοῖς
1611 3329 1805 3400 ἠδικη-

89 3419 260 3474 κόσιν
296 3414 471 3479 οὐδὲν,
502 3417 630 3479 τοὺς
668 3413 1123 3486 μελαγχολῶντας
1168 3415 1378 3481 ἁπλῶς,
1415 3418 1543 3481 τοὺς
1572 3418 1703 3489 περὶ
1735 3417 1808 3472 τά

94 3509 316 3580 μάταια
348 3504 441 3558 τοῦ
474 3503 589 3575 βίου
619 3504 930 3567 λυττῶντας
957 3503 1076 3555 ἀεί·
1114 3504 1291 3557 ταῦτά
1330 3506 1447 3558 ἐστι
1487 3504 1673 3559 καὶτὰ
1702 3522 1808 3559 τοι·

90 3597 245 3652 αῦτα
274 3593 475 3666 μανίας
503 3592 641 3666 ἔργα
684 3592 780 3645 καὶ
813 3591 1091 3655 κολάσεως
1131 3604 1156 3632 ⁸
1190 3589 1337 3657 ἄξια,
1368 3592 1545 3647 ταῦτα
1567 3594 1806 3658 ὀνείδους

89 3687 197 3741 καὶ
236 3683 502 3754 αἰσχύνης
535 3681 629 3734 καὶ
672 3681 927 3749 γέλωτος.
963 3681 1026 3734 Et
1054 3680 1113 3734 δέ
1153 3698 1238 3745 τις
1276 3682 1383 3736 ὑπὸ
1436 3683 1691 3754 δαίμονος
1720 3684 1808 3737 ἐν·

86 3772 433 3846 οχλούμενος
459 3769 780 3840 φιλοσοφίαν
814 3769 908 3823 καὶ
922 3764 1099 3833 οὕτως
1123 3771 1180 3824 ἐν
1208 3770 1287 3842 τῷ
1315 3770 1415 3841 βίῳ
1453 3771 1655 3846 πολλὴν
1687 3775 1807 3827 ἐπι-

87 3861 431 3928 δεικνύοιτο,
457 3861 519 3913 ού
554 3859 716 3930 μόνον
745 3858 846 3913 ούκ
880 3852 1261 3926 ὀνειδίζεσθαι,
1294 3859 1432 3913 ἀλλὰ
1472 3860 1565 3913 καὶ
1593 3861 1804 3932 θαυμά‹

89 3952 299 4020 ζεσθαι
335 3951 429 4005 καὶ
470 3947 866 4019 στεφανοῦσθαι
904 3948 1057 4020 παρά
1098 3944 1318 4003 πάντων
1351 3950 1417 4004 ἂν
1451 3948 1535 4021 εἴη
1573 3949 1803 4017 δίκαιος,

92 4042 250 4116 μετά
275 4039 550 4094 τοσούτων
575 4036 794 4109 δεσμῶν
826 4034 1029 4108 δρόμον
1062 4030 1238 4102 οὕτως
1264 4030 1524 4091 ἐπίπονον
1555 4040 1770 4111 τρέχων
1789 4082 1803 4105 ,

86 4132 200 4187 καὶ
243 4129 344 4201 τὴν
384 4129 589 4200 ἀνάντη
626 4121 721 4180 καλ¹
771 4128 1035 4198 τραχεῖαν
1088 4126 1192 4197 τῆς
1248 4126 1453 4199 ἀρετῆς
1496 4127 1809 4183 ἀναϐαίνων

84 4222 245 4276 ὀδόν.
284 4217 445 4272 Ἀλλά
470 4217 580 4288 γὰρ
613 4217 714 4271 οὐκ
739 4213 855 4270 οῖδα
888 4214 1007 4278 πῶς
1028 4212 1124 4269 καὶ
1149 4214 1338 4287 ἕτερόν
1372 4233 1438 4287 με
1468 4215 1667 4289 μικροῦ
1698 4217 1809 4272 δεῖν

87 4307 509 4381 παρελήλυθεν,
533 4299 578 4375 ᾧ
609 4303 956 4369 πλεονεκτεῖς
979 4303 1090 4358 τῶν
1117 4303 1365 4373 ἀδελφῶν
1383 4322 1396 4336 ·
1424 4304 1585 4359 τοῦτο
1606 4305 1666 4359 δέ
1689 4307 1809 4360 ἐστι

84 4399 155 4453 τὸ
181 4397 418 4470 ῥαδίως,
442 4397 491 4449 εί
517 4394 612 4449 καί
636 4390 689 4448 τί
714 4411 795 4448 σοι
824 4389 1317 4464 πεπλημμέληται,
1342 4392 1427 4447 διά
1448 4393 1549 4465 τῆς
1574 4392 1810 4465 θλίψεως

85 4488 317 4557 ταύτης
351 4485 447 4538 κοιλ⁵
502 4482 677 4538 ταῦτα
715 4482 1091 4537 ἀποδύσασθαι
1133 4482 1201 4536 τά
1242 4482 1639 4553 ἁμαρτήματα.
1696 4482 1809 4537 Καὶ

86 4575 268 4630 τοῦτο
302 4572 496 4641 γέγονε
520 4567 680 4642 δῆλον
702 4573 833 4642 ἡμῖν
858 4569 916 4635 ἐξ
943 4560 1019 4624 ὧν
1043 4568 1215 4641 ἔφθην
1247 4569 1350 4641 ἤδη
1372 4569 1700 4641 διαλεχθεὶς,
1717 4572 1807 4625 ὅτε

88 4664 241 4735 περὶ
265 4660 362 4715 τοῦ
392 4659 649 4733 Λαζάρου
685 4660 781 4713 καὶ
812 4659 906 4712 τοῦ
940 4658 1092 4731 παρὰ
1110 4661 1223 4723 τοῖς
1256 4658 1568 4731 Κορινθίοις
1599 4676 1810 4731 πεπορ-

88 4751 366 4813 νευκότος
400 4748 609 4818 ἔλεγον.
650 4748 791 4802 Ἀλλ’
822 4746 963 4821 ὑπὲρ
991 4747 1087 4802 τοῦ
1124 4748 1332 4821 πατρὸς
1364 4748 1604 4813 δέδοικα,
1644 4749 1808 4821 φησί·

86 4840 208 4895 κᾶν
247 4839 360 4908 γὰρ
388 4835 457 4889 τὰ
480 4836 724 4907 ἐμαυτοῦ
752 4836 940 4908 πράως
974 4824 1221 4905 ἐνεγκεῖν
1254 4836 1492 4907 δυνηθῶ,
1534 4837 1633 4900 τάς
1670 4837 1812 4893 ἐκεί-

87 4949 196 4985 νου
238 4925 529 4998 συμφορὰς
560 4927 655 4979 καὶ
689 4924 787 4997 τὴν
830 4927 1031 4996 μανίαν
1084 4925 1203 4990 πῶς
1233 4926 1456 4997 οἴσομεν
1495 4926 1716 4997 ῥᾳδίως,
1762 4928 1817 4981 εἴ

89 5036 246 5075 ποτε
272 5015 517 5071 αἴσθοιτό
538 5034 589 5070 τι
625 5016 865 5080 τούτωνς
898 5016 1049 5080 Τέως
1083 5012 1180 5087 μέν
1214 5017 1316 5069 οὐκ
1345 5015 1563 5087 ᾔσθετο.
1601 5017 1814 5090 Πολλῆς

87 5112 155 5166 δὲ
201 5105 580 5180 μικροψυχίας
610 5105 756 5158 ἐστὶν
781 5103 922 5175 ὑπὲρ
944 5104 1051 5157 τῶν
1085 5102 1314 5175 ῦστερόν
1346 5122 1478 5158 ποτε
1534 5107 1813 5178 συμϐησο-

94 5196 367 5267 μένωνῆ
408 5192 542 5266 μηδέ
577 5193 713 5257 ὅλως
767 5193 1203 5265 συμϐησομένων
1260 5194 1361 5265 τὴν
1407 5193 1649 5265 ἀθυμίαν
1709 5196 1812 5268 ἤδη

91 5273 467 5358 καρποῦσθαι
492 5280 587 5335 καὶ
615 5279 934 5335 κόπτεσθαι.
972 5281 1144 5335 Πόθεν
1189 5282 1453 5354 γάρ,’ὅτι
1488 5283 1583 5337 καὶ
1616 5284 1813 5357 αἰσθή-

94 5393 293 5440 σεται,
310 5374 468 5445 δῆλον
494 5374 628 5443 ήμῖν
652 5388 665 5437 ;
702 5370 919 5425 Μᾶλλον
949 5370 1005 5424 δέ
1028 5370 1170 5424 έστω
1193 5370 1373 5442 δῆλον,
1412 5372 1507 5425 καὶ
1530 5388 1812 5444 συγκεχω-

95 5464 331 5542 ρήσθω,
370 5463 418 5515 εἰ
468 5460 669 5530 βούλει,
714 5456 868 5532 [183]
921 5461 1015 5513 καὶ
1061 5459 1425 5531 αἰσθήσεσθαι
1463 5461 1663 5527 αὐτὸν,
1718 5464 1815 5517 καὶ

98 5554 338 5629 μεγάλα
386 5552 722 5624 ἐργάσεσθαι
779 5550 965 5605 δεινά·
1013 5550 1223 5604 ἐπαινῶ
1281 5550 1381 5622 μέν
1428 5568 1489 5604 σε
1538 5551 1813 5621 ἀλγοῦντα

172 5720 200 5748 ⁸
230 5712 387 5765 Savil.
415 5718 470 5761 et
500 5712 635 5763 Colb.
678 5711 947 5775 κολάσεων,
974 5711 1177 5775 Morel:
1201 5708 1669 5775 κολάσεωςηῬξιιιίο
1704 5719 1818 5775 post

100 5779 295 5831 Μῖνι-ει.
322 5777 463 5825 30m:
482 5776 563 5823 καὶ
587 5775 744 5831 οὗτος,
769 5776 897 5823 male
920 5772 1037 5823 ibid.
1065 5773 1218 5823 Savil.
1235 5779 1282 5821 el
1307 5772 1447 5822 Colb.
1475 5772 1814 5833 ἐπιδείκνυται,

99 5837 664 5891 Manumaamom.
692 5836 844 5887 Paulo
868 5843 979 5898 post
1002 5835 1153 5889 Savil.
1184 5842 1234 5887 cl
1262 5834 1400 5887 Colb.
1432 5835 1551 5899 μετά
1569 5836 1817 5885 τοσούτων

97 5908 254 5968 ἔων..

1900 865 1999 935 (ἀρ
2043 868 2138 920 καὶ
2180 866 2341 921 τοῦτο
2387 866 2615 922 πλείονα
2647 867 2794 938 ἡμᾶς
2829 865 3056 921 ἐκείνων
3087 864 3385 936 ἐργάσεται
3414 860 3587 923 δεινὰ,

1891 959 1985 1011 καὶ
2014 959 2120 1030 χρὴ
2140 959 2277 1031 πρὸς
2315 960 2450 1014 αὐτὸ
2490 959 2758 1029 γενναίως
2791 955 3110 1012 ἐνίστασθαι
3164 955 3238 1027 μὴ
3295 952 3590 1025 μέλλοντας

1892 1056 2230 1111 ἀπόλλυσθαι
2256 1058 2560 1121 παντελῶς.
2589 1058 2654 1111 El
2694 1058 2791 1129 μὲν
2817 1055 2929 1128 γὰρ
2961 1055 3125 1117 αὐτὸς
3160 1053 3335 1115 αἴτιος
3361 1048 3589 1122 ἔμελλες

1892 1151 2114 1207 ἔσεσθαι
2170 1154 2281 1208 τῶν
2333 1154 2412 1225 τῷ
2462 1154 2634 1227 πατρὶ
2668 1152 3084 1225 συμϐαινόντων
3120 1148 3385 1222 ἀνιαρῶν,
3408 1144 3592 1207 καλῶς

1891 1245 1958 1301 ἂν
1975 1250 2262 1315 ἐδεδοίκεις
2290 1249 2385 1305 καὶ
2411 1251 2664 1322 ἐτρεμες,
2689 1248 2961 1320 τοσαύτης
2995 1246 3272 1309 ἀπωλείας
3301 1243 3594 1314 γενόμενος

1892 1343 2101 1410 αἴτιος·
2134 1348 2184 1400 εί
2236 1347 2291 1401 δὲ
2339 1346 2506 1412 αὐτὸς
2557 1344 2749 1402 ἑαυτὸν
2790 1346 3137 1419 περιπείρειν
3178 1340 3433 1416 βούλεται
3479 1336 3597 1401 τοῖς

1895 1442 2147 1513 ἐσχάτοις
2171 1447 2383 1508 κακοῖς,
2407 1446 2585 1509 οὐδεὶς
2618 1444 2755 1516 πρὸς
2786 1444 2846 1497 σέ
2874 1440 3081 1497 τούτων
3103 1442 3283 1509 λόγος,
3305 1438 3446 1509 πλὴν
3467 1437 3597 1490 ὅσον

1898 1540 2067 1611 πατρὶ
2096 1542 2382 1612 συναλγεῖν
2408 1543 2539 1613 χρή.
2557 1541 2742 1614 Χωρὶς
2765 1541 2823 1595 δὲ
2853 1541 3060 1594 τούτων
3088 1539 3209 1593 ούδέ
3228 1540 3412 1609 ίσμεν,
3446 1536 3600 1599 ὃπως

1897 1638 2035 1691 οἴσει
2057 1638 2265 1711 ταύτην
2289 1640 2390 1712 τὴν
2430 1640 2601 1711 ἀκοήν
2626 1656 2639 1669 '
2678 1638 2851 1693 πολλά
2890 1639 3000 1711 γάρ
3028 1639 3247 1692 ἐναντία
3274 1640 3387 1700 τοῖς
3423 1651 3599 1708 προσ-

1897 1733 2205 1805 δοκηθεῖσιν
2235 1735 2397 1808 ἐξέϐη
2426 1735 2692 1800 πολλάκις
2710 1753 2723 1767 ·
2753 1738 2978 1789 κάκεῖνο
3006 1736 3105 1807 μὲν
3135 1734 3245 1789 τῶν
3277 1733 3602 1806 παραδόξως

1900 1832 1996 1885 καὶ
2022 1833 2266 1897 σπανίως
2290 1834 2703 1904 συμϐαινόντων
2726 1833 2870 1901 ἐστὶ,
2899 1833 3059 1886 τοῦτο
3081 1831 3139 1887 δέ
3170 1833 3265 1887 καὶ
3306 1831 3414 1885 τῶν
3455 1831 3603 1884 εἰκό-

1899 1946 2009 1983 των
2036 1930 2133 1983 καὶ
2155 1928 2263 1984 τῶν
2283 1931 2488 2004 σφόδρα
2516 1931 2905 2003 ἐνδεχομένων.
2933 1930 3108 1985 Πόθεν
3134 1930 3379 2002 δὴστοῦτο
3405 1929 3601 1998 δῆλον;

1902 2026 2078 2081 Πολὺν
2112 2028 2220 2082 τῶν
2248 2029 2420 2083 νόθων
2468 2032 2704 2084 ποιεῖται
2740 2030 2920 2099 λόγον,
2953 2030 3049 2083 κοιλ⁸
3073 2029 3137 2082 τὸ
3172 2028 3311 2100 πρὸς
3356 2025 3603 2090 ἐκείνους

1902 2124 2126 2197 φίλτρον
2175 2127 2362 2181 ἱκανὸν
2396 2127 2603 2200 ταύτην
2632 2127 2799 2181 αὑτοῦ
2837 2128 3134 2183 συσκιάσαι
3187 2128 3287 2200 τὴν
3337 2101 3601 2197 ἀθύμίαν.

1901 2223 1995 2296 Μὴ
2019 2223 2084 2295 δὴ
2110 2224 2290 2296 μάτην
2323 2224 2485 2279 ὀδύνα
2518 2226 2714 2280 σαυτὸν
2731 2229 2854 2290 ταῖς
2881 2228 3181 2297 φροντίσιν.
3214 2226 3277 2279 Et
3304 2224 3359 2278 δέ
3391 2220 3487 2279 καὶ
3509 2222 3606 2278 ἀλα

1901 2322 2018 2390 γεῖν
2057 2321 2199 2393 ὑπὲρ
2220 2321 2315 2375 τοῦ
2344 2318 2553 2394 πατρὸς
2592 2322 2718 2395 χρὴ,
2760 2324 2852 2377 ἐπὶ
2896 2325 3017 2388 ταῖς
3052 2323 3269 2392 ἀλόγοις
3312 2321 3605 2388 δαπάναις,

1903 2417 1997 2471 ἐπὶ
2044 2420 2157 2483 τοῖς
2193 2416 2423 2490 κώμοις,
2465 2420 2560 2473 καὶ
2596 2420 2689 2473 ἐπὶ
2727 2418 2806 2491 τῷ
2835 2418 3014 2492 τύφῳ,
3048 2420 3145 2473 καὶ
3176 2420 3269 2472 ἐπὶ
3315 2421 3383 2490 τῇ
3406 2435 3609 2491 τυρανν

1904 2514 2029 2581 νίδι,
2062 2516 2155 2569 ἐπὶ
2186 2518 2255 2587 τῇ
2300 2514 2517 2587 μοιχείᾳ
2564 2518 2632 2587 τῇ
2677 2515 2793 2569 νῦν.
2825 2517 2898 2569 Ἢ
2940 2514 3137 2588 μικρὸν
3185 2514 3289 2569 οἴει
3342 2512 3609 2597 κακὸνκτδ

1905 2613 2165 2683 γυναικὸς
2190 2614 2339 2668 ἔνδον
2355 2613 2525 2687 οὔσης
2554 2615 2654 2687 τῆς
2684 2614 2963 2686 ὑμετέρας
2994 2613 3223 2686 μητρὸς,
3247 2614 3413 2685 ἑτέρᾳ
3436 2629 3611 2684 προσ-

1908 2710 2227 2782 φθείρεσθαι
2249 2711 2407 2784 κόρῃ,
2440 2713 2532 2765 καὶ⁵
2562 2712 2901 2765 παιδοποιεῖν
2918 2713 2984 2764 ἐκ
3013 2710 3354 2783 παρανόμων
3376 2710 3606 2782 γάμων;

1906 2806 2092 2863 Ταῦτα
2126 2808 2357 2873 πένθους
2395 2807 2555 2875 ἄξια,
2593 2808 2771 2865 ταῦτα
2827 2809 3105 2881 δακρύων,
3142 2810 3214 2864 τὰ
3248 2809 3461 2881 φανερά
3512 2810 3610 2865 καὶ

1906 2906 1988 2968 είς
2017 2904 2173 2970 τέλος
2224 2905 2465 2961 ἐκϐάντα
2501 2907 2681 2961 κακά·
2734 2904 2806 2960 τά
2832 2906 2889 2960 δὲ
2924 2907 3019 2960 ἐπὶ
3071 2906 3157 2960 σοὶ
3211 2906 3611 2979 συμϐησόμενα

1907 3004 2040 3068 ἴσως
2073 3004 2171 3074 μὲν
2219 3004 2372 3059 ἐσται
2395 3003 2565 3072 δεινά,
2603 3005 2736 3067 ίσως
2768 3004 2828 3058 δέ
2866 3006 2926 3058 ού
2946 3004 3116 3071 δεινὰ,
3147 3002 3349 3077 πολλῆς
3388 3003 3445 3059 δὲ
3478 3005 3608 3060 ἀλοο

1906 3100 2031 3170 γίας
2058 3100 2201 3173 ὑπὲρ
2232 3101 2343 3156 τῶν
2380 3100 2556 3165 οὓτως
2582 3101 2795 3174 ἀδήλων
2841 3098 3281 3177 ὡμολογημένην
3316 3103 3611 3176 ὑπομένειν

1907 3199 2008 3271 ήδη
2034 3198 2288 3270 βάσανον.
2324 3198 2522 3272 Θῶμεν
2544 3199 2599 3253 δέ
2624 3200 2765 3255 αὺτά
2801 3200 2895 3254 καὶ
2932 3201 3073 3272 μετά
3109 3201 3313 3273 πολλῆς
3343 3201 3445 3273 τῆς
3476 3219 3612 3273 σφο-

1906 3296 2168 3370 δρότητος
2193 3296 2625 3371 ἀπαντήσεσθαι,
2658 3297 2797 3352 ἀλλὰ
2842 3299 3102 3371 τάχιστον
3146 3298 3260 3366 ἕξει
3304 3298 3479 3367 τέλος,
3514 3302 3610 3354 καὶ

1908 3394 2041 3465 πρὶν
2073 3394 2106 3466 ἢ
2142 3393 2327 3459 καλῶς
2374 3394 2678 3470 ἐξαφθῆναι
2713 3395 3104 3466 σϐεσθήσεται.
3144 3396 3469 3470 Ἀνθρωπος
3501 3398 3613 3470 γάρ

1909 3482 2149 3556 τοσαύτῃ
2170 3483 2457 3555 προσέχων
2489 3487 2696 3556 τρυφῇ,
2722 3485 2816 3538 καὶ
2845 3485 3194 3557 πραγμάτων
3236 3486 3614 3559 ἐπιμελούμε-

1909 3588 1999 3636 νος
2049 3571 2297 3636 πολλῶν,
2335 3572 2431 3625 καὶ
2465 3574 2809 3643 παρασίτους
2848 3575 3068 3647 τρέφων
3092 3575 3188 3629 καὶ
3221 3575 3481 3641 κόλακας,
3515 3580 3612 3630 καὶ

1909 3659 2055 3714 οὕτω
2077 3660 2177 3731 τῆς
2201 3660 2371 3731 κόρης
2396 3662 2615 3731 ἐκείνης
2650 3661 3079 3733 περικαιόμενος
3098 3700 3113 3727 ,
3151 3662 3212 3731 ἐξ
3236 3659 3305 3735 ἧς
3339 3663 3454 3735 ἔχει
3485 3666 3614 3728 τοὺς

1911 3750 1969 3818 ἐξ
1999 3749 2263 3821 ἡμισείας
2282 3752 2413 3821 ὑμῖν
2442 3749 2736 3823 ἀδελφοὺς,
2758 3750 2862 3804 κᾶν
2880 3752 3022 3824 λάϐῃ
3052 3751 3161 3805 τῶν
3194 3751 3305 3806 σῶν
3335 3753 3614 3824 αἴσθησιν,

1912 3838 2176 3913 βραχεῖαν
2221 3837 2454 3909 λήψεται
2488 3839 2581 3892 καὶ
2618 3840 2838 3903 οὐδενὸς
2869 3840 3046 3905 ἀξίαν.
3082 3840 3193 3895 Καὶ
3216 3840 3377 3895 τοῦτο
3406 3843 3505 3913 οὐχ
3530 3838 3615 3906 οἷς

1910 3925 2065 3982 εἷπον
2083 3928 2265 4000 μόνον,
2296 3927 2431 3981 άλλά
2458 3929 2553 3982 καὶ
2581 3931 2693 3992 τοῖς
2712 3930 2811 4001 ἤδη
2843 3930 3235 4001 γεγενημένοις
3254 3932 3609 4003 στοχάζομαιυ

1910 4014 2067 4072 οἶσθα
2085 4017 2217 4089 γὰρ,
2253 4013 2418 4094 οἶσθα
2437 4017 2643 4087 σαφῶς,
2680 4020 2763 4072 ὃτι
2788 4019 2996 4092 σφόδρα
3020 4036 3080 4073 σε
3107 4020 3214 4092 πρὸ
3234 4020 3439 4075 τούτων
3466 4022 3493 4061 h
3528 4040 3619 4092 φιο

1911 4108 2043 4177 λῶν,
2069 4109 2165 4162 καὶ
2190 4109 2367 4163 πάντα
2391 4108 2491 4180 τὴν
2521 4107 2620 4180 σὴν
2637 4109 2770 4180 ήγού
2780 4126 2940 4179 μενος
2971 4110 3239 4181 κεφαλὴν,
3259 4111 3448 4183 ἐπειδὴ
3478 4112 3617 4184 πρὸς

1910 4200 2003 4254 τὸν
2016 4200 2126 4256 τῶν
2161 4198 2414 4271 μοναχῶν
2446 4201 2715 4270 μετέστης
2732 4197 2867 4269 βίον,
2895 4199 3074 4254 πάντα
3096 4199 3187 4254 τὸν
3215 4200 3380 4255 πόθον
3406 4202 3616 4257 ἐκεῖνον

1913 4291 2104 4344 ἔσϐεσε
2131 4332 2146 4357 ,
2187 4289 2283 4344 καὶ
2316 4288 2378 4343 τὸ
2411 4291 2650 4362 πρᾶγμα
2690 4288 2915 4359 αἰσχρὸν
2942 4290 3207 4360 ἡγήσατο,
3246 4291 3342 4343 καὶ
3374 4291 3473 4362 τῆς
3504 4290 3615 4344 τῶν

1915 4380 2199 4452 προγόνων
2235 4378 2627 4451 λαμπρότητος
2664 4377 2906 4443 ἀνάξιον,
2952 4378 3048 4431 καὶ
3094 4377 3195 4450 τήν
3240 4378 3407 4431 αὑτοῦ
3455 4379 3616 4447 δόξαν

1916 4468 2299 4540 καταισχύνειν
2341 4485 2401 4522 σε
2443 4468 2597 4537 ἔλεγε
2620 4480 2635 4495 ’
2662 4467 2757 4521 καὶ
2789 4467 2838 4519 εί
2876 4465 2952 4537 μὴ
2984 4468 3017 4537 ή
3060 4468 3159 4538 τῆς
3192 4468 3407 4537 φύσεως
3449 4467 3617 4521 αὑτὸν

1915 4561 2169 4629 κατεῖχεν
2202 4556 2440 4626 ἀνάγκη,
2474 4557 2613 4626 τάχα
2653 4556 2718 4610 ἀν
2761 4571 2817 4608 σε
2868 4555 2963 4608 καὶ
3012 4555 3381 4628 ἀπεκήρυξεν.
3425 4556 3615 4622 Ὥστε,

1914 4649 1964 4701 εἰ
1998 4647 2075 4719 μὴ
2116 4646 2321 4717 σφόδρα
2349 4644 2677 4715 ἀναίσθητον
2711 4644 2771 4697 τὸ
2798 4642 3116 4714 λεγόμενον,
3144 4640 3299 4715 οἶμαι
3330 4645 3495 4699 αὑτὸν
3520 4647 3617 4701 καὶ

1916 4736 2149 4809 ἡσθῆναι
2178 4735 2256 4806 τῷ
2286 4735 2568 4804 γεγονότι,
2603 4733 2676 4797 ὡς
2717 4733 2877 4803 δίκην
2910 4748 3006 4787 σου
3038 4733 3332 4798 δεδωκότος
3370 4735 3511 4806 ὑπὲρ
3538 4728 3616 4789 ὧν

1917 4828 2178 4892 πολλάκις
2209 4824 2661 4897 παρακαλοῦντος
2680 4823 2771 4877 καὶ
2794 4824 3108 4893 ἀπαγαγεῖν
3142 4823 3470 4895 βουλομένου
3492 4825 3619 4879 ταύε

1916 4938 2015 4991 της
2063 4916 2158 4971 τοῦ
2198 4915 2317 4987 βίου
2350 4917 2451 4987 τῆς
2499 4913 2798 4985 καρτερίας
2827 4950 2841 4978 ,
2889 4912 3012 4967 ούδέ
3072 4914 3241 4986 μέχρι
3298 4915 3612 4986 ῥημάτων*

1914 5011 2149 5082 ήνέσχου
2182 5008 2281 5079 τὴν
2308 5001 2641 5075 συμϐουλήν.

1988 5170 2049 5224 δ’⁸
2080 5165 2197 5223 ,Καὶ
2215 5182 2282 5219 πε
2292 5166 2344 5235 pl
2363 5163 2464 5234 μὲν
2482 5160 2577 5215 τοῦ
2602 5159 2811 5231 πατρὸς
2834 5160 3041 5216 καὶτοῦ
3059 5161 3225 5230 φόϐου
3246 5158 3307 5219 οῦ
3326 5165 3465 5238 ὑπὲρ
3480 5168 3618 5223 ἐκεί-

1916 5286 2007 5323 νου
2026 5250 2291 5331 δέδοικας,
2308 5261 2480 5315 ταῦτα
2502 5260 2567 5314 ἂν
2584 5259 2762 5330 ἔχοιμι
2781 5258 2984 5329 λέγειν,
3005 5260 3169 5314 ίκανά
3196 5278 3259 5330 γε
3284 5260 3439 5337 [184]
3465 5265 3616 5333 ὄντα,

1918 5366 1994 5429 ὡς
2025 5361 2202 5435 οἶμαι,
2235 5360 2418 5414 πάντα
2451 5358 2544 5411 τὸν
2578 5357 2719 5429 ὑπὲρ
2751 5357 2961 5411 τούτων
2999 5374 3081 5411 σοι
3129 5359 3423 5432 γενόμενον
3457 5363 3619 5421 λῦσαι

1920 5465 2106 5538 φόϐον.
2147 5458 2369 5529 Ἐπειδὴ
2394 5457 2451 5511 δὲ
2470 5454 2658 5525 ἔλεγες
2688 5454 2749 5508 τὸ
2781 5456 3080 5526 κεφάλαιον
3103 5455 3215 5511 τῶν
3254 5458 3443 5512 κακῶν
3476 5457 3618 5517 εἶναι

1926 5563 1980 5618 τὸ
2008 5560 2143 5633 μηδέ
2169 5558 2313 5627 ὺπέρ
2344 5554 2455 5609 τῶν
2482 5552 2791 5625 μελλόντων
2808 5552 2954 5624 ἔχειν
2971 5552 3219 5626 θαρρεῖν,
3255 5555 3393 5627 μηδὲ
3417 5556 3617 5611 εἰδέναι

1916 5664 2151 5728 πότερον
2178 5656 2332 5710 ἐσται
2359 5638 2625 5716 τιςλύσις
2648 5652 2780 5706 ποτέ
2815 5651 3098 5722 τούτων,ἢ
3128 5651 3406 5725 καὶμέχρι
3428 5655 3620 5709 τελευ-

1988 5832 2011 5899 ί)
2038 5828 2173 5899 Cn‘l‘b.
2200 5836 2251 5899 οι
2270 5827 2429 5899 ξείνη.
2463 5826 2555 5899 πρὸ
2586 5824 2778 5899 τρύτου.

1984 5894 2007 5925 ⁸
2028 5893 2162 5944 Coll).
2194 5895 2245 5941 et
2269 5891 2419 5941 Savil.
2450 5889 2586 5953 μέχρι
2608 5889 2834 5952 ῥήματος.
