4264 6312
249 481 457 534 vendus
487 493 665 541 esses,
699 492 765 531 an
808 475 859 531 in
890 479 1047 532 linem
1080 491 1244 548 usque
1275 491 1504 545 pugnare
1544 487 1593 530 te
1624 475 1708 530 ille
1737 475 1832 528 de-

249 575 542 636 crevisset,
573 569 660 640 qui
704 571 794 624 libi
835 560 1102 624 certamen
1143 569 1243 623 hoc
1289 571 1594 637 proposuit,
1626 584 1690 622 ne
1726 570 1835 638 ipsa.

249 664 467 732 quidem
509 661 848 732 exploratum
896 676 956 715 ac
998 670 1204 715 certum
1251 659 1444 728 aliquid
1493 660 1704 724 dicere,
1749 675 1837 711 ant

253 754 554 807 futurorum
584 763 805 807 eventus
834 753 1039 822 aperire
1070 767 1281 820 possum
1309 769 1322 815 ;
1355 751 1480 804 illud
1511 761 1681 804 tamen
1724 750 1837 804 scio

252 844 555 911 manifeste,
593 845 789 914 tibique
820 860 1126 913 persuasum
1153 844 1329 912 cupio,
1362 843 1618 896 utrumvis
1649 843 1834 895 borum

250 935 558 1004 contingat,
594 952 688 1005 pro
723 944 900 988 nostra
937 935 1159 989 utilitate
1194 933 1443 988 futurum.
1474 933 1622 1000 Quod
1662 934 1704 986 si
1737 933 1836 987 hoc

252 1026 436 1078 animo
465 1023 654 1090 fderis,
688 1025 794 1079 cito
818 1040 1123 1093 supremum
1151 1023 1290 1079 hunc
1318 1024 1613 1089 malorum,
1641 1033 1691 1076 ut
1722 1022 1795 1076 ais
1819 1063 1833 1088 ,

251 1114 510 1168 verticem
540 1114 634 1168 abs
665 1125 714 1169 te
741 1115 964 1169 arcebis.

327 1202 665 1256 Praemiorum
704 1215 774 1257 est
815 1215 1008 1274 tempus
1045 1206 1303 1274 futurum,
1334 1203 1560 1256 laborum
1597 1217 1834 1270 presens.

252 1323 326 1333 --
351 1293 430 1348 Ad
463 1293 574 1348 lucc
601 1294 728 1348 illud
750 1310 957 1365 quoque
983 1294 1074 1348 tibi
1100 1293 1435 1364 cogitandum
1463 1302 1565 1358 est,
1594 1293 1838 1362 przemio-

254 1399 374 1437 rum
415 1393 468 1438 et
505 1399 819 1439 coronarum
861 1393 1066 1453 tempus
1104 1400 1223 1439 esse
1268 1384 1499 1437 futurum
1543 1383 1794 1436 saeculum
1820 1423 1835 1446 ,

251 1474 688 1528 colluctationum
716 1490 841 1530 vero
865 1489 927 1530 ac
957 1475 1192 1530 laborum
1222 1490 1476 1544 przesens.
1503 1473 1652 1538 Quod
1687 1473 1839 1527 nobis

252 1565 490 1633 apertius
521 1565 788 1620 insinuare
817 1565 1000 1622 volens
1028 1566 1212 1622 beatus
1239 1566 1431 1620 Paulus
1461 1565 1670 1619 dicebat
1703 1583 1715 1616 :
1750 1565 1838 1618 Sic

251 1671 426 1721 curro,
457 1671 556 1709 non
581 1656 725 1724 quasi
751 1657 805 1709 in
834 1656 1115 1721 incertum;
1143 1657 1216 1709 sic
1243 1671 1430 1726 pugno,
1459 1671 1558 1708 non
1584 1655 1728 1724 quasi
1753 1669 1840 1706 ae-

249 1762 360 1798 rem
399 1745 658 1800 verberam
692 1761 710 1800 :
738 1746 826 1800 sed
861 1749 1051 1817 castigo
1092 1763 1274 1815 corpus
1316 1743 1514 1813 medm,
1543 1757 1586 1799 et
1615 1745 1836 1816 servituti

249 1833 488 1904 subjicio,
521 1851 582 1888 ne
609 1835 739 1903 forte
761 1836 875 1889 aliis
904 1837 1205 1905 prwdicans,
1235 1836 1344 1904 ipse
1375 1836 1615 1904 reprobus
1651 1834 1837 1905 afficior

251 1925 328 1993 (l.
361 1924 478 1980 Cor.
515 1925 569 1981 9.
599 1925 691 1981 26.
719 1926 830 1997 27).
861 1927 928 1980 At
957 1942 1084 1981 vero
1112 1942 1232 1980 cum
1262 1925 1326 1981 ad
1351 1926 1509 1981 linem
1531 1924 1836 1979 certaminis

251 2017 506 2079 venisset,
535 2015 748 2071 demum
774 2016 982 2072 beatam
1014 2017 1156 2070 illam
1189 2017 1364 2072 emisit
1387 2030 1568 2069 vocem
1597 2033 1608 2068 :
1638 2013 1834 2067 Bonum

247 2115 500 2159 certamen
541 2107 720 2160 certavi
741 2149 754 2172 ,
784 2124 984 2166 cursum
1021 2109 1386 2173 Consummavi,
1417 2108 1566 2176 ﬁdem
1605 2105 1820 2167 servari,

244 2196 354 2265 iam
386 2198 603 2264 reposita
633 2207 702 2250 cst
738 2198 860 2250 milii
887 2214 1070 2251 corona
1106 2199 1321 2267 justitiw
1349 2199 1365 2266 (
1383 2199 1436 2252 ‘2.
1474 2197 1603 2250 Tim.
1636 2198 1686 2250 4.
1717 2197 1781 2265 7)
1817 2216 1827 2250 :

247 2288 538 2342 ostendens
566 2289 723 2342 vitam
757 2305 966 2344 omnem
1000 2292 1050 2343 in
1077 2290 1454 2344 certaminibus
1479 2300 1530 2341 et
1567 2289 1832 2341 laboribus

247 2377 406 2432 nobis
432 2394 549 2433 esse
574 2379 852 2450 agendam,
881 2381 922 2433 si
951 2382 1188 2449 cupimus
1215 2392 1408 2434 :etcrna
1442 2380 1620 2449 requie
1651 2379 1830 2433 bonis-

248 2485 353 2540 que
381 2470 480 2524 illis
511 2471 802 2525 innumeris
835 2471 1050 2541 perfrui.
1083 2472 1173 2527 Sin
1208 2483 1383 2526 autem
1420 2473 1605 2540 aliquis
1637 2472 1704 2524 ita
1734 2485 1827 2524 ne-

245 2560 451 2629 gligens
474 2560 573 2626 sit,
608 2571 662 2614 ut
694 2569 838 2629 potet
866 2576 923 2615 se
948 2572 994 2616 et
1028 2561 1182 2632 hujus
1211 2563 1330 2616 vita:
1362 2563 1746 2632 Voluptatibus,
1779 2571 1831 2615 et

248 2652 481 2719 praemiis
511 2667 571 2706 ac
599 2652 802 2721 gaudiis
833 2669 950 2720 quae
985 2653 1037 2706 in
1067 2653 1210 2707 cadis
1241 2664 1416 2722 parata
1455 2664 1576 2707 sunt
1611 2653 1672 2707 iis
1694 2694 1708 2718 ,
1740 2654 1826 2722 qui

245 2743 458 2797 labores
488 2744 853 2810 sustinuerint,
887 2746 984 2799 frui
1020 2759 1190 2814 posse,
1223 2746 1306 2800 hic
1341 2747 1571 2814 scipsmn
1613 2761 1828 2816 prorsus

242 2835 381 2890 fallit
418 2851 478 2890 ac
522 2836 736 2906 decipit.
780 2838 910 2891 Nam
952 2839 1086 2893 sicut
1126 2839 1180 2892 in
1220 2839 1432 2892 athletis
1462 2839 1546 2907 qui
1591 2848 1828 2907 tempore

242 2931 595 2984 certaminum
624 2932 858 3000 requiem
889 2933 1096 3002 qna-rit,
1125 2933 1489 2987 confusionem
1516 2934 1612 2986 sibi
1641 2948 1826 3001 perpe-

242 3033 387 3074 tuam
417 3031 572 3090 atque
604 3021 941 3090 ignominiam
973 3033 1159 3094 parat;
1190 3025 1275 3094 qui
1307 3040 1435 3077 vero
1467 3025 1516 3077 in
1553 3025 1722 3079 stadio
1752 3025 1827 3077 la-

241 3113 402 3167 bores
441 3128 624 3168 omnes
666 3113 869 3167 fortiter
906 3115 1094 3170 tolerat
1118 3157 1132 3182 ,
1163 3119 1413 3170 coronam
1445 3125 1497 3170 ct
1527 3117 1743 3186 gloriam
1773 3126 1825 3171 et

241 3203 426 3257 laudes
454 3213 506 3257 et
533 3204 582 3255 in
615 3204 726 3274 ipso
755 3206 1061 3271 certamine,
1088 3215 1140 3259 ct
1166 3215 1280 3275 post
1305 3207 1532 3260 solutum
1563 3207 1822 3261 theatrum

242 3308 270 3346 a
299 3295 682 3361 spectatoribus
707 3296 1049 3364 consequitur
1080 3313 1091 3348 :
1121 3297 1188 3350 ita
1231 3297 1280 3350 in
1325 3297 1473 3351 nobis
1505 3313 1715 3366 quoque
1746 3299 1819 3352 lit.

239 3388 372 3441 Nam
402 3389 446 3441 is
474 3391 559 3456 qui
593 3391 830 3444 labormn
863 3403 1067 3459 tempus
1091 3393 1250 3461 quieti
1276 3393 1497 3455 dedicat,
1529 3403 1648 3446 tunc
1681 3395 1824 3464 inge-

239 3479 430 3531 miscet
454 3489 506 3533 et
533 3480 774 3533 stridebit
800 3482 1064 3546 dentibus,
1096 3483 1305 3552 quando
1337 3485 1386 3536 in
1418 3495 1612 3538 (eterna
1642 3486 1823 3554 requie

237 3568 510 3624 debuisset
562 3571 715 3625 linem
770 3573 1005 3626 laborum
1058 3575 1326 3641 nancisci,
1377 3585 1532 3643 atquc
1585 3585 1818 3630 extrema

238 3660 496 3730 supplicia
536 3661 682 3716 luere
723 3672 939 3730 cogetur
971 3680 983 3716 :
1012 3666 1099 3732 qui
1149 3681 1276 3718 vero
1322 3681 1594 3734 pressuras
1640 3682 1822 3720 onmes

240 3760 483 3818 prompte
509 3767 571 3806 ac
610 3753 834 3806 libenter
861 3755 1008 3819 tulit,
1037 3767 1090 3809 et
1125 3754 1208 3810 hic
1237 3766 1289 3810 et
1316 3757 1368 3810 in
1412 3756 1587 3810 futuro
1629 3759 1823 3811 sarculo

239 3840 564 3895 clarissimus
589 3843 689 3896 erit
709 3885 721 3904 ,
752 3860 981 3914 veraque
1008 3856 1058 3898 et
1100 3847 1381 3900 immortali
1421 3848 1586 3916 gloria
1615 3849 1819 3902 beatus.

237 3929 370 3984 Nam
399 3933 444 3986 si
474 3933 524 3985 in
550 3934 892 3988 smcularibus
920 3936 1006 4004 qui
1041 3952 1213 3990 rerum
1248 3945 1482 4006 tempora
1511 3939 1778 3992 confundit
1804 3981 1818 4003 ,

238 4020 488 4074 onmibus
525 4023 622 4075 sibi
655 4026 935 4092 propositis
965 4028 1258 4080 commodis
1288 4029 1524 4094 excidet,
1560 4040 1714 4099 atque
1746 4033 1822 4083 in-

238 4113 477 4168 numeris
502 4129 559 4168 se
589 4116 972 4171 calamitatibus
1001 4129 1228 4188 exponet
1249 4161 1262 4185 ,
1294 4120 1447 4189 longe
1489 4122 1536 4174 id
1572 4124 1736 4192 magis
1769 4125 1818 4177 in

239 4204 399 4257 rebus
442 4207 800 4273 spiritualibus
845 4210 1103 4278 patietur,
1135 4212 1550 4280 qni'temporum
1581 4215 1819 4268 ordinem

237 4293 464 4361 ignorat.
510 4295 647 4351 Dixit
689 4299 828 4350 enim
865 4298 1107 4353 Christus
1147 4318 1158 4351 :
1199 4300 1263 4353 In
1309 4303 1494 4353 mundo
1536 4319 1822 4369 pressuram

238 4387 479 4440 lmbcbitis
500 4388 678 4458 (Joon.
709 4389 790 4442 lG.
815 4389 924 4461 53).
951 4391 1140 4445 Beatus
1164 4408 1288 4446 vero
1310 4392 1521 4458 Paulus,
1548 4392 1612 4446 lit
1630 4411 1818 4458 omnes,

235 4477 329 4540 ait,
354 4478 435 4545 qui
466 4480 546 4547 pie
571 4479 740 4532 volunt
769 4481 926 4534 vivere
950 4481 1000 4534 in
1024 4481 1221 4536 Christo
1241 4482 1272 4536 J
1279 4499 1365 4537 esu
1390 4485 1820 4554 persequutioncm

238 4570 491 4636 patientur
521 4570 594 4640 (2.
629 4571 757 4624 Tim.
789 4574 840 4626 5.
877 4572 996 4640 12);
1030 4589 1134 4627 non
1163 4575 1304 4628 solas
1333 4574 1604 4629 hominum
1639 4592 1818 4644 perse-

237 4660 522 4727 quutiones
547 4662 750 4728 dicens,
781 4664 871 4716 scd
900 4673 952 4716 et
980 4664 1278 4719 dmmonum
1307 4666 1541 4720 insidias.
1571 4667 1670 4722 Job
1691 4683 1820 4737 quo-

236 4765 359 4817 que,
389 4748 639 4816 Tentatio,
663 4754 848 4822 inquit,
869 4765 939 4808 est
963 4755 1061 4807 vita
1084 4757 1300 4811 hominis
1319 4773 1470 4826 super
1492 4767 1676 4810 terram
1700 4758 1817 4829 (Job

236 4840 288 4893 7.
317 4841 393 4909 l).
415 4841 548 4907 Quid
577 4859 702 4912 ergo
727 4847 954 4914 angoris,
979 4848 1117 4915 quod
1147 4850 1196 4900 in
1223 4865 1472 4903 mrumna:
1496 4851 1820 4918 temporibus

236 4925 483 4978 vereris?
504 4925 651 4980 Tunc
674 4928 813 4980 enim
836 4929 1119 4983 dolendum
1147 4942 1308 4995 esset,
1341 4931 1384 4984 si
1411 4932 1550 5001 quod
1576 4932 1819 4987 Christus

238 5028 500 5081 pressura:
524 5024 729 5084 tempus
753 5016 1042 5086 deputavit,
1069 5020 1116 5073 id
1148 5036 1242 5073 nos
1262 5021 1565 5075 deliciarum
1591 5033 1641 5077 et
1671 5025 1818 5093 quie-

239 5108 304 5160 tis
339 5100 666 5172 faceremus;
700 5110 742 5163 si
778 5127 880 5178 quo
923 5120 1158 5180 tempore
1203 5127 1435 5181 pugnare
1479 5129 1540 5168 ac
1582 5113 1818 5168 laborare

232 5197 364 5266 jnssi
409 5212 623 5264 sumus,
664 5214 727 5252 eo
767 5200 1134 5267 torpe'rcmus;
1166 5201 1208 5256 si
1256 5202 1410 5254 latam
1454 5202 1819 5258 incederenms

237 5284 394 5351 nam,
424 5304 542 5344 cum
572 5289 655 5342 ille
680 5306 775 5360 per
800 5302 1074 5360 angustam
1118 5296 1426 5362 prmccpcrit
1456 5296 1705 5350 eundum.
1745 5298 1816 5350 Ita

236 5381 378 5434 enim
420 5386 719 5438 necessario
758 5385 865 5452 jam
913 5387 1063 5441 nobis
1097 5387 1340 5441 ferendus
1372 5401 1508 5442 esset
1554 5391 1818 5444 cruciatus

238 5474 328 5527 lile
357 5475 730 5542 sempiternus.
769 5475 902 5542 Quid
947 5495 1101 5546 ergo,
1137 5478 1373 5547 inquies,
1406 5481 1470 5534 de
1508 5481 1608 5534 illis
1645 5481 1776 5536 dicis
1799 5523 1813 5547 ,

237 5566 325 5631 qui
356 5573 410 5617 ct
447 5564 496 5617 in
539 5564 639 5618 isto
683 5565 879 5619 sacculo
906 5569 1214 5635 gradiuntur
1256 5572 1304 5622 in
1345 5571 1648 5636 latitudine,
1684 5580 1733 5624 ct
1766 5574 1814 5624 in

236 5653 414 5709 futuro
455 5654 693 5723 requiem
737 5655 964 5710 habituri
1005 5660 1164 5712 sunt?
1191 5661 1357 5725 Quem
1401 5673 1451 5713 tn
1492 5663 1614 5715 mihi
1657 5665 1813 5718 talem

236 5744 423 5800 dabis?
449 5762 547 5814 ego
580 5747 720 5802 enim
764 5748 925 5804 solius
955 5749 1150 5805 Clu-isti
1196 5753 1366 5808 \Crbis
1411 5756 1689 5824 acquiesco
1728 5756 1809 5810 di-

1095 364 1184 419 AD
1207 363 1573 420 STAGIRIUM
1613 365 1654 418 A
1695 361 1996 420 DEMONE
2036 362 2382 420 VEXATUM.
2424 363 2550 419 UB.
2591 362 2651 418 IT.

3419 366 3537 422 ιεε

1945 473 2112 528 οεηιίο
2144 493 2157 528 :
2186 475 2412 544 Angusta
2447 486 2493 529 et
2529 486 2669 529 arcta
2707 476 2786 528 via
2823 486 2928 542 est,
2960 492 3072 544 qm:
3098 478 3165 530 ad
3200 479 3350 531 vitam
3386 481 3524 533 ducit

1945 562 2155 634 (Matth.
2191 566 2242 620 7.
2275 567 2365 637 14)
2401 585 2414 618 :
2445 567 2585 635 quod
2615 575 2790 621 autem
2833 583 2926 636 per
2954 577 3227 637 angustam
3254 569 3390 625 viam
3423 571 3525 625 late

1944 653 2004 707 iri
2047 670 2151 708 non
2192 656 2376 725 possit,
2421 657 2666 714 omnibus
2702 657 2939 727 profecto
2983 657 3164 727 liquet.
3195 659 3250 714 Si
3287 653 3437 713 'enim
3472 661 3525 714 in

1942 745 2294 799 exterioribus
2314 747 2690 802 certaminibus
2713 748 2884 802 nullus
2905 749 3104 819 absque
3133 748 3415 804 sudoribus
3436 765 3526 804 co-

1943 849 2124 887 ronam
2143 836 2464 901 retulit,cum
2483 845 2657 892 tamen
2675 838 2911 906 ejusdem
2931 846 3130 894 natura:
3143 849 3418 894 consortes
3435 839 3527 896 ha-

1943 925 2068 984 beat.
2083 926 2442 982 adversarios:
2469 929 2553 983 ubi
2583 929 2736 983 nobis
2753 929 2974 984 virtutes
2996 929 3097 984 illa:
3122 920 3348 1000 nequam
3370 927 3525 985 obla-

1941 1027 2169 1085 ctantur,
2189 1035 2294 1088 quo
2316 1030 2468 1090 pacto
2487 1021 2603 1075 sine
2631 1023 2851 1075 summis
2868 1021 3134 1077 laboribus
3160 1023 3527 1091 pr'essurisque

1942 1115 1994 1162 et
2008 1109 2261 1178 angustiis
2281 1110 2482 1163 illarum
2502 1111 2756 1165 insaniam
2775 1127 3028 1181 superare
3043 1111 3370 1181 poterimus?

2013 1201 2064 1256 5.
2097 1201 2359 1272 Exemplis
2387 1214 2672 1258 sanctorum
2701 1204 2754 1256 id
2779 1205 3011 1258 ostendit.
3041 1233 3109 1244 --
3130 1203 3232 1260 Sed
3260 1204 3402 1259 enim
3429 1217 3535 1258 nos.

1940 1290 2188 1360 quamdiu
2221 1294 2514 1347 rationibus
2542 1294 2640 1348 ista
2675 1294 2993 1348 ventilamus
3013 1334 3030 1360 ,
3058 1308 3179 1348 cum
3209 1293 3362 1348 liceat
3391 1307 3524 1348 con—

1943 1379 2122 1450 fugere
2151 1382 2216 1434 ad
2258 1383 2442 1437 beatos
2473 1384 2591 1439 illos
2618 1373 2692 1439 'ac
2736 1384 3084 1450 fortissimos,
3124 1385 3216 1454 qui
3260 1385 3525 1454 prioribus

1941 1469 2089 1526 fuere
2116 1473 2485 1542 temporibus?
2511 1475 2764 1529 Examina
2790 1476 3095 1546 diligentius
3119 1491 3213 1532 eos
3236 1517 3252 1542 ,
3285 1477 3374 1546 qui
3407 1475 3523 1532 fuc-

1941 1570 2062 1614 runt
2107 1564 2512 1618 nominatissimi
2538 1605 2552 1629 ,
2594 1565 2903 1636 videbisque
2941 1579 3127 1620 omnes
3172 1566 3225 1620 in
3267 1567 3526 1638 angustiis

1941 1649 2186 1706 ﬁduciam
2213 1667 2336 1722 erga
2364 1653 2526 1709 Deum
2551 1654 2817 1710 habuisse.
2843 1657 3018 1726 Atque
3041 1656 3230 1727 primo,
3253 1656 3298 1711 si
3326 1657 3520 1725 placet,

1941 1741 2094 1809 primi
2149 1745 2384 1811 parentis
2435 1745 2777 1814 inSpiciamus
2832 1746 3030 1811 lilium,
3087 1762 3281 1819 agnum
3325 1746 3526 1803 Christi.

1940 1833 2091 1887 Abel.
2129 1833 2176 1888 Is
2199 1850 2318 1888 cum
2348 1836 2398 1888 in
2427 1837 2570 1891 nullo
2592 1837 2676 1906 jus
2707 1838 2975 1904 violasset,
3000 1854 3062 1894 ca
3089 1854 3277 1909 passus
3302 1849 3382 1895 est
3403 1857 3523 1910 quae

1941 1932 2211 1976 merentur
2246 1925 2314 1989 ii,
2347 1929 2435 1994 qui
2481 1927 2793 1996 gravissime
2843 1931 3198 1998 peccaverint.
3233 1930 3342 1984 Nos
3377 1931 3520 1984 enim

1939 2021 2274 2079 peccatorum
2306 2024 2605 2069 nostrorum
2636 2033 2820 2087 pinnas
2842 2018 3051 2082 damus,
3079 2021 3394 2074 tentationes
3419 2021 3520 2075 sci-

1939 2103 2092 2168 licet;
2118 2115 2170 2157 at
2201 2121 2332 2180 vero.
2351 2107 2524 2175 justus
2553 2110 2639 2163 ille
2669 2109 2805 2164 nulla
2829 2111 2929 2165 alia
2953 2126 3108 2165 causa
3132 2113 3394 2167 cruciatus
3414 2125 3516 2180 est,

1937 2195 2038 2248 nisi
2078 2196 2198 2264 quia
2233 2197 2405 2264 justus
2435 2210 2567 2252 erat.
2612 2202 2687 2253 Ac
2721 2201 2970 2269 quamdiu
3011 2203 3210 2255 nullum
3252 2204 3518 2258 excellens

1940 2285 2148 2339 virtutis
2178 2302 2286 2340 suze
2314 2288 2683 2343 documentum
2707 2290 2871 2354 dedit,
2896 2292 3216 2361 agnoscebat
3244 2293 3385 2345 illum
3415 2293 3512 2347 frao

1939 2385 2048 2440 ter;
2081 2375 2164 2430 ubi
2199 2392 2324 2432 vero
2351 2393 2413 2432 ex
2446 2380 2703 2435 sacrificio
2732 2382 2908 2434 clarus
2936 2383 3140 2436 meritis
3169 2383 3370 2447 eluxit,
3407 2394 3514 2438 tum

1930 2467 2037 2535 jam
2068 2478 2307 2523 naturam
2331 2486 2540 2542 quoque
2571 2473 2735 2542 ipsam
2770 2473 2856 2528 ille
2887 2474 3166 2544 ignoravit,
3196 2475 3387 2530 invidia
3416 2478 3516 2530 sei-

1934 2559 2056 2614 licet
2080 2561 2504 2617 eaecatns..Uude
2528 2578 2654 2618 vero
2677 2564 2812 2620 nosti
2835 2580 2899 2619 an
2923 2566 3309 2636 modoquoque
3330 2567 3514 2621 eadem

1932 2664 2086 2703 causa
2115 2651 2381 2705 diabolum
2412 2652 2690 2708 adversum
2721 2663 2771 2708 te
2797 2655 3140 2710 concitaverit
3165 2656 3390 2725 vitzeque
3413 2666 3515 2709 tua:

1933 2742 2106 2812 fulgor.
2133 2744 2281 2798 illum
2311 2745 2376 2798 ad
2409 2745 2545 2800 hanc
2571 2761 2798 2817 pugnam
2829 2747 3164 2802 evocaverit?
3189 2747 3340 2816 Quod
3370 2748 3413 2802 si
3441 2750 3511 2801 ri-

1930 2833 2057 2887 deas
2079 2834 2174 2887 ista
2199 2837 2521 2904 loquentem,
2550 2838 2705 2891 laudo
2729 2839 2941 2907 quidem
2971 2838 3319 2894 humilitatem
3349 2849 3511 2904 tuam,

1929 2942 2034 2980 non
2076 2935 2249 2981 tamen
2295 2929 2362 2981 ab
2404 2929 2501 2983 bac
2543 2931 2801 2984 sententia
2845 2931 3117 2984 desistam.
3149 2931 3202 2986 Si
3244 2932 3385 2986 enim
3427 2933 3513 2985 ille

1928 3017 2137 3085 adipem
2163 3017 2392 3072 offerens
2419 3019 2488 3072 ita
2519 3017 2625 3073 Deo
2652 3035 2805 3075 carus
2830 3029 3184 3090 acceptusque
3215 3020 3332 3087 fuit,
3358 3022 3402 3076 is
3425 3027 3511 3091 qui

1930 3107 2058 3162 nihil
2102 3109 2467 3176 extrinsecus,
2514 3111 2606 3165 sed
2652 3111 2885 3181 seipsum
2925 3121 3091 3166 totum
3136 3114 3327 3168 obtulit
3367 3115 3508 3180 Deo,

1929 3199 2094 3253 multo
2122 3199 2362 3268 profecto
2393 3203 2560 3270 magis
2589 3202 2867 3257 adversum
2898 3220 2955 3259 se
2991 3207 3298 3274 provocavit
3333 3206 3509 3260 inimi-

1927 3306 2065 3345 cum.
2098 3291 2235 3345 Deus
2264 3301 2440 3346 autem
2470 3303 2519 3347 te
2547 3293 2691 3347 illum
2721 3294 2967 3350 invadere
2996 3298 3252 3364 permisit,
3282 3297 3432 3351 sicuti
3459 3308 3510 3351 et

1929 3393 2050 3438 tunc
2073 3384 2270 3437 cmdcm
2295 3385 2433 3437 illam
2459 3384 2863 3454 haudquaquam
2887 3387 3178 3455 impedivit,
3203 3388 3295 3442 sed
3325 3403 3509 3457 passus

1925 3483 2010 3529 est
2027 3474 2228 3544 justum
2260 3475 2309 3527 in
2340 3477 2658 3544 stinguinarii
2689 3492 2873 3529 manus
2904 3477 3158 3544 incidere,
3190 3493 3360 3547 neque
3387 3494 3506 3532 euzu

1927 3566 2149 3634 eripuit,
2184 3566 2270 3634 qui
2301 3578 2518 3636 propter
2547 3583 2602 3621 sc
2633 3578 2786 3637 atque
2813 3570 2882 3622 ob
2924 3569 3180 3624 honorem
3213 3586 3364 3624 suum
3394 3586 3508 3624 ma-

1926 3657 2183 3710 ctabatur.
2223 3657 2397 3711 Noluit
2428 3659 2570 3712 enim
2618 3659 2688 3711 illi
2729 3674 2954 3713 coronas
2981 3675 3103 3714 suas
3139 3662 3302 3715 minui
3337 3679 3348 3714 :
3379 3677 3508 3730 quo-

1925 3747 2064 3801 circa
2093 3747 2157 3802 ad
2187 3747 2344 3800 finem
2373 3762 2540 3816 usque
2568 3747 2714 3802 illmn
2741 3763 2958 3803 currere
2987 3751 3243 3819 permisit.
3277 3751 3342 3805 Et
3367 3753 3505 3820 quis,

1926 3838 2162 3909 inquies,
2192 3841 2454 3894 cruciatus
2481 3849 2564 3895 est
2594 3840 2773 3894 mors?
2806 3841 3018 3895 Utinam
3047 3843 3259 3912 quidem
3293 3844 3432 3898 hunc
3456 3857 3508 3898 ct

1924 3945 2023 3999 ego
2043 3931 2276 3985 subirem
2297 3933 2616 3987 crueiatum!
2646 3932 2747 3987 Ista
2771 3949 2910 3987 nunc
2931 3933 3081 4000 dicis,
3110 3936 3506 3999 amantissime;

1925 4029 1977 4072 at
2007 4021 2150 4088 prius
2181 4037 2266 4075 res
2293 4023 2528 4077 omnium
2557 4025 2867 4093 gravissima
2897 4040 3015 4079 esse
3057 4026 3359 4095 putabatur,
3390 4043 3504 4081 om-

1926 4111 2083 4180 nique
2113 4127 2264 4181 pinna
2298 4114 2667 4168 miserabilior.
2702 4115 2901 4170 Idcirco
2932 4116 2982 4169 in
3011 4116 3126 4186 lege
3156 4117 3319 4188 Moysi
3353 4119 3384 4171 ii
3419 4121 3506 4188 qui

1925 4205 2153 4256 maxima
2179 4221 2402 4274 quaeque
2431 4206 2779 4276 deliquissent
2804 4223 2866 4261 ac
2891 4212 3046 4262 venia
3075 4209 3305 4280 indigna,
3339 4222 3511 4264 morte

1925 4293 2333 4348 nmlctabantur.
2365 4295 2468 4349 Sed
2498 4303 2549 4348 et
2575 4295 2713 4365 apud
2745 4298 2887 4366 ipsos
2913 4313 3124 4368 quoque
3153 4308 3402 4354 externos
3428 4301 3506 4354 le-

1923 4384 2279 4450 gumlatorcs,
2311 4385 2399 4454 qni
2443 4386 2493 4439 in
2535 4387 2779 4440 maximis
2821 4388 3243 4458 turpissimisque
3301 4389 3509 4460 ﬂagitiis

1923 4471 2430 4540 deprehenduntur,
2463 4491 2566 4528 non
2609 4476 2714 4530 alio
2747 4478 3007 4545 supplicio
3045 4478 3381 4544 afficiuntur,
3415 4484 3512 4534 sed

1925 4572 2100 4616 ulmea
2148 4565 2621 4633 perditissimorum
2666 4565 2938 4620 hominum
2983 4569 3298 4636 supplicium
3335 4570 3502 4638 justus

1925 4654 2013 4708 ille
2043 4653 2354 4725 perpetitur,
2384 4659 2488 4712 imo
2519 4674 2643 4712 vero
2672 4673 2737 4712 eo
2760 4660 2994 4728 gravius,
3027 4661 3166 4728 quod
3193 4672 3243 4715 et
3276 4661 3506 4716 fraterna

1923 4747 2108 4801 dextra
2152 4764 2437 4816 percussus
2466 4749 2728 4805 occubuit.
2762 4751 2899 4818 Quid
2938 4762 3114 4807 autem
3145 4754 3211 4808 de
3239 4755 3348 4810 Noe
3375 4755 3506 4810 dici-

1925 4842 2081 4894 mus?
2108 4841 2236 4894 Nam
2275 4851 2327 4895 et
2365 4842 2477 4910 ipse
2517 4842 2694 4911 justus
2723 4857 2784 4896 ac
2818 4843 3082 4912 perfectus
3128 4844 3224 4898 fuit
3253 4845 3404 4914 (Gen.
3437 4846 3496 4916 ὃ)

1923 4932 2229 5000 cunctisque
2268 4934 2530 4998 corruptis
2565 4934 2712 4988 solus
2744 4934 2938 5002 placuit
2967 4934 3110 4998 Deo,
3140 4937 3356 5005 reliquis
3388 4952 3506 4990 om-

1926 5026 2077 5078 nibus
2111 5026 2257 5080 illum
2297 5027 2706 5080 oll'endentibus.
2749 5028 3055 5083 Innumeras
3094 5031 3247 5100 plane
3284 5031 3506 5084 tribula-

1926 5117 2096 5171 tiones
2137 5117 2351 5184 pertulit
2387 5118 2578 5171 multas
2603 5126 2654 5171 et
2687 5117 2872 5171 malas.
2904 5111 3088 5186 Neque
3115 5122 3256 5172 enim
3289 5129 3344 5172 ut
3374 5119 3506 5174 Abel

1923 5209 2176 5262 continuo
2207 5217 2444 5262 mortuus
2469 5218 2570 5273 est,
2603 5224 2774 5278 neque
2804 5209 2853 5262 id
2887 5225 3071 5277 p:i.~sns
3101 5211 3239 5278 quod
3271 5210 3387 5266 leve
3415 5212 3506 5265 tibi

1925 5298 2162 5362 videtur,
2196 5300 2287 5354 sed
2322 5299 2680 5368 longissimam
2718 5299 2875 5352 vitam
2911 5299 3185 5363 toleravit,
3225 5309 3301 5354 tot
3339 5315 3507 5353 annos

1925 5390 1988 5443 iis
2018 5391 2104 5460 qui
2150 5388 2322 5444 lerunt
2362 5405 2522 5444 onera
2561 5390 2978 5460 gravissimeque
3021 5405 3234 5459 semper
3273 5390 3508 5458 pendere

1924 5492 2232 5551 premuntur
2261 5483 2426 5539 nihilo
2459 5482 2625 5536 levius
2656 5492 2743 5534 aut
2763 5483 2989 5551 quietius
3017 5481 3259 5536 allectus.
3285 5470 3505 5536 llocau-

1924 5582 2028 5627 tem
2053 5574 2226 5626 statim
2250 5574 2580 5640 apertissime
2605 5573 2857 5641 probabo,
2888 5572 3011 5626 hinc
3038 5573 3240 5626 initium
3263 5588 3502 5627 sumens.

1925 5667 2134 5719 Annum
2165 5667 2424 5734 integrum
2455 5665 2552 5719 iste
2574 5665 2772 5718 carceri
2795 5663 3036 5717 addictus
3062 5662 3176 5726 fuit,
3201 5663 3506 5731 carcerique

1931 5756 2210 5826 peregrino
2241 5765 2292 5813 et
2319 5754 2604 5810 horrendo.
2647 5753 2710 5812 Ut
2741 5754 2880 5810 enim
2913 5752 3140 5812 ferarum
3189 5762 3240 5807 et
3289 5767 3503 5822 serpen-
