4264 6312
627 236 731 298 tas
1338 230 1395 288 s.
1433 212 1711 288 manus
1736 226 2211 287 CllftYSOSTOMI
2248 227 2565 287 ARCIIIEP.
2599 230 3134 293 CONSTANTINOP.
3822 216 3930 273 456

629 350 760 407 tium
783 346 1174 404 multitudinem
1198 348 1457 410 omittam,
1478 346 1791 417 Quibuscum
1818 355 1963 400 tanto
1985 354 2223 413 tempore

628 439 766 495 VlXil
807 437 860 492 in
908 439 1074 496 tantis
1114 439 1328 493 relictus
1367 437 1661 507 angustiis,
1704 437 1827 508 quid
1874 436 2021 489 illum
2059 434 2224 489 animi

629 530 1073 601 habuisse'putas
1118 531 1253 584 inter
1282 529 1423 583 adeo
1468 529 1706 597 ingentes
1752 536 1828 581 tot
1869 527 2222 583 tonitrnorum

630 621 867 692 fragores
908 630 1068 691 atque
1112 621 1454 676 nimborum?
1495 622 1703 695 Quippe
1746 620 1966 676 inferior
2001 620 2225 691 abyssus

628 712 1089 783 disrumpebatur,
1122 715 1368 784 superior
1404 730 1607 770 summa
1644 716 1872 785 impetus
1900 714 1947 767 vi
1975 714 2221 772 demitte-

629 806 803 870 batur,
833 822 952 860 cum
983 807 1303 865 intrinsecus
1333 808 1421 862 ille
1450 824 1570 861 cum
1605 808 1784 862 Νηρίς
1812 807 2027 866 sederet
2054 808 2219 862 solus.

631 897 741 951 Etsi
779 899 921 951 enim
954 898 1021 951 de
1049 898 1153 952 fine
1182 898 1471 953 caniideret
1496 940 1512 965 ,
1545 914 1637 968 per
1673 914 1857 952 eorum
1902 907 2075 953 tamen
2107 911 2224 968 quae

630 988 827 1050 ﬁebant
855 989 1244 1054 vehementiam
1275 1000 1418 1045 metu
1447 992 1555 1046 fere
1583 999 1935 1061 prmmortuus
1961 1001 2094 1045 erat.
2126 990 2223 1045 Ubi

628 1083 770 1136 enim
799 1098 898 1137 nos
925 1098 1045 1138 cum
1079 1082 1370 1140 habeamus
1400 1084 1587 1137 domos
1631 1084 1680 1137 in
1723 1091 1864 1139 terra
1905 1083 2061 1136 altius
2103 1081 2222 1135 fun-

626 1176 811 1241 datas,
870 1178 1133 1246 urbesque
1186 1177 1579 1240 inhabitcmus,
1633 1184 1809 1231 tamen
1859 1180 1902 1229 si
1949 1174 2225 1229 videamus

628 1252 857 1345 pluviam
899 1270 981 1324 vel
1026 1269 1181 1337 paulo
1221 1268 1587 1326 vehementius
1625 1268 1783 1322 solito
1825 1266 2067 1332 demitti,
2098 1281 2226 1321 con-

624 1361 852 1417 cidimus
899 1369 1154 1431 metuque
1204 1355 1620 1431 consti-ingimur
1663 1376 1677 1413 :
1720 1360 1844 1430 quid
1900 1361 1989 1414 ille
2037 1371 2225 1428 passus

625 1453 920 1507 mstimetur
940 1494 954 1519 ,
987 1469 1107 1507 cum
1141 1454 1286 1507 soliis
1317 1454 1460 1506 intus
1484 1462 1657 1518 esset,
1690 1453 2050 1522 abyssnmque
2082 1450 2222 1504 illam

628 1542 929 1597 horrilieam
952 1584 965 1607 ,
1000 1558 1061 1597 ac
1090 1541 1233 1596 varia
1264 1549 1480 1607 eorum,
1512 1558 1632 1611 qua:
1670 1540 2098 1603 suﬂ'oeabantur,
2128 1554 2225 1609 ge-

626 1634 1179 1689 neraetmsidoraret?
1210 1635 1447 1703 Denique
1484 1633 1730 1689 sufficere
1765 1634 1899 1687 solet
1929 1631 1994 1687 ad
2028 1630 2225 1686 ferien-

623 1723 723 1782 dos
749 1738 959 1783 sutmno
989 1740 1185 1792 pavore
1212 1719 1449 1790 animos,
1472 1725 1655 1781 urbem
1686 1740 1867 1787 unam,
1901 1724 1981 1778 vel
2006 1722 2222 1778 domum

626 1813 787 1870 etlam
846 1817 893 1867 vi
946 1814 1119 1885 aliqua
1182 1816 1543 1870 iuttndatiOnis
1598 1816 1904 1885 absorptam
1963 1815 2225 1885 undisque

624 1915 865 1973 opertam
906 1922 1165 1973 cernere;
1197 1915 1253 1962 at
1283 1924 1411 1961 vero
1438 1906 1652 1978 quando
1683 1907 1731 1959 id
1769 1907 1913 1961 orbis
1945 1906 2225 1960 universas

625 2009 816 2073 passus
853 2006 966 2058 est,
999 1997 1102 2051 dici
1150 2012 1254 2051 non
1302 2008 1474 2067 potest
1512 1998 1600 2066 qui
1646 1997 1867 2051 allectus
1906 1998 1975 2050 sit
2014 1998 2095 2051 vir
2134 1998 2225 2052 ille

625 2103 747 2140 cum
783 2087 833 2141 in
868 2088 1058 2143 mediis
1098 2088 1344 2144 ﬂuctibus
1387 2090 1842 2146 circumferretur.
1877 2088 2067 2143 Totum
2096 2104 2224 2159 ergo

625 2194 823 2239 annum
873 2179 1019 2241 i!lnm
1066 2179 1118 2239 in
1167 2195 1233 2235 eo
1282 2191 1423 2234 metu
1472 2182 1598 2249 egit.
1646 2180 1782 2235 Cum
1832 2196 1960 2235 vero
2009 2180 2224 2235 tandem

624 2271 877 2332 diluvium
927 2281 1223 2341 cessasset,
1274 2273 1527 2342 paulatim
1579 2272 1789 2343 quidem
1835 2273 1944 2341 jam
1997 2272 2225 2327 cedebat

629 2373 834 2431 metus,
886 2361 980 2415 sed
1025 2379 1225 2418 mmror
1269 2365 1599 2433 augebatur,
1657 2354 2112 2433 prodeuntemque
2156 2380 2220 2418 ex

627 2469 749 2508 arca
779 2463 1068 2525 tempestas
1098 2454 1200 2517 alia
1242 2456 1453 2528 excepit
1486 2456 1663 2524 priore
1704 2470 1810 2508 non
1852 2456 2055 2517 minor,
2102 2470 2222 2508 cum

630 2549 926 2606 intueretur
967 2548 1287 2602 horrendam
1330 2549 1470 2601 illam
1510 2547 1883 2612 solitudinem,
1934 2562 2225 2614 necentth

626 2638 772 2695 illam
796 2638 1105 2703 violentam,
1137 2648 1297 2711 atque
1326 2638 1726 2693 interfectorum
1758 2653 1980 2706 corpora
2012 2639 2137 2691 limo
2162 2653 2225 2693 ac

626 2729 738 2784 luto
766 2729 1049 2799 permixta,
1074 2740 1403 2800 cunctosque
1424 2730 1625 2802 pariter
1651 2729 1913 2794 homines,
1946 2739 1999 2784 et
2019 2730 2219 2794 asinos,

624 2831 680 2873 et
719 2804 911 2875 caetera
940 2820 1024 2876 his
1049 2822 1208 2876 etiam
1252 2822 1565 2891 ignobiliora
1601 2822 1949 2879 animantium
1994 2836 2219 2891 genera,

626 2927 731 2966 uno
767 2926 986 2980 prorsus
1031 2914 1320 2968 miserabili
1365 2915 1611 2985 sepulcro
1663 2915 1875 2969 obruta.
1939 2914 2069 2968 Nam
2122 2914 2221 2969 etsi

622 3005 908 3064 admodum
938 3016 1248 3077 peccatores
1272 3007 1591 3077 fuerantqui
1623 3007 1745 3062 talia
1779 3006 2014 3077 perpessi
2044 3014 2219 3072 erant,

625 3094 789 3160 homo
819 3105 993 3151 tamen
1021 3107 1134 3151 erat
1158 3097 1287 3163 Noe,
1320 3097 1750 3167 contribulesque
1779 3112 1905 3151 suos
1933 3111 2035 3150 non
2066 3104 2217 3166 pote.-

625 3198 707 3249 rat
732 3205 837 3247 non
867 3190 1132 3246 miserari.
1157 3190 1361 3259 Quippe
1378 3200 1431 3245 et
1447 3190 1694 3246 Ezechiel
1719 3207 1840 3268 eum
1859 3190 2034 3260 justus
2054 3198 2216 3256 esset,

619 3291 781 3361 atque
811 3280 1075 3337 Israelitas
1101 3283 1331 3338 maxime
1359 3284 1597 3338 omnium
1627 3284 1898 3360 improbqs
1925 3300 2219 3355 cognosce-

620 3381 725 3436 ret,‘
746 3372 931 3428 videns
958 3383 1133 3430 tamen
1166 3374 1285 3432 illos
1303 3375 1532 3445 jugulari
1560 3386 1611 3430 et
1639 3392 1910 3441 corruere,
1947 3378 2047 3432 hoc
2078 3377 2217 3433 idem

623 3482 811 3543 passus
840 3475 954 3531 est,
1006 3477 1167 3538 atque
1198 3469 1547 3540 illacrymavit
1571 3511 1586 3535 ,
1629 3471 1838 3525 etiamsi
1876 3480 2031 3525 antea
2080 3471 2220 3525 Deus

621 3576 837 3625 omnem
889 3560 986 3628 ipsi
1036 3560 1248 3615 illorum
1299 3563 1625 3630 impietatem
1675 3556 2006 3627 re'velasset,
2059 3574 2220 3631 atque

626 3650 755 3718 ipsis
780 3649 949 3703 oculis
977 3651 1285 3705 intuendam
1316 3652 1649 3719 praebuisset,
1680 3661 1738 3706 ut
1760 3669 1880 3706 cum
1903 3654 2019 3708 illos
2044 3653 2217 3728 [φυῇ-ἰ

620 3740 928 3811 inspiceret,
962 3755 1082 3795 eam
1131 3741 1489 3796 calamitatem
1516 3741 1749 3803 fortiter
1793 3742 2080 3812 perferret.
2114 3742 2217 3797 Sed

614 3842 795 3887 tamen
848 3847 969 3887 cum
1026 3840 1175 3887 tanto
1236 3834 1585 3902 prtescientice
1640 3834 1833 3889 solatio
1889 3845 2220 3906 pra‘paratus

614 3932 779 3989 esset,
829 3923 899 3977 ita
944 3939 1158 3995 quoque
1203 3925 1498 3995 angebatur
1538 3942 1724 3982 eorum
1766 3928 2042 3994 cladibus,
2092 3944 2216 3985 cor-

618 4028 887 4086 ruensque
915 4017 1216 4073 clamabat:
1240 4017 1356 4073 Heu
1389 4020 1539 4085 mihi,
1569 4018 1817 4085 Domine,
1850 4020 1986 4073 deles
2017 4031 2069 4074 tu
2095 4021 2217 4075 reli-

613 4108 761 4181 quias
805 4108 970 4162 Israel
1014 4108 1228 4181 (Ezech.
1263 4110 1316 4166 9.
1350 4111 1445 4180 8)?
1476 4112 1589 4165 Non
1624 4113 1789 4165 semel
1824 4122 2000 4167 autem
2042 4113 2215 4168 solum

616 4213 904 4269 perpessus
923 4208 1027 4266 est,
1061 4201 1157 4256 sed
1185 4210 1239 4257 et
1268 4203 1503 4257 secundo
1529 4218 1649 4257 cum
1681 4203 1993 4258 Jechnniam
2024 4220 2214 4260 cerne-

615 4297 699 4350 ret
727 4289 984 4357 occisum.
1016 4292 1199 4364 itaque
1228 4302 1281 4348 et
1305 4293 1438 4361 Noe,
1469 4295 1678 4349 tametsi
1708 4296 1986 4351 inmunera
2016 4298 2218 4352 sciebat

616 4380 829 4438 illorum
863 4397 985 4441 esse
1014 4384 1240 4449 scelera,
1270 4400 1379 4440 non
1414 4395 1589 4442 tamen
1625 4386 1904 4441 Ezechiele
1931 4389 2041 4442 sive
2072 4389 2216 4443 Mnse

597 4474 804 4530 'fortior
827 4485 975 4533 erat:
1000 4476 1199 4547 quippe
1220 4488 1274 4533 et
1300 4477 1389 4540 ille
1417 4494 1559 4548 smpe
1586 4478 1773 4534 eadem
1801 4496 1919 4550 qtnc
1958 4481 2213 4550 propheta

615 4580 805 4637 passus
850 4577 966 4633 est;
1015 4578 1301 4639 peccantes
1342 4570 1555 4633 intuens
1602 4569 1887 4637 Hebraeos,
1948 4581 2071 4625 tunc
2120 4588 2215 4627 eos

618 4656 849 4719 maxime
886 4658 1270 4722 miserabatur,
1317 4660 1532 4731 quando
1578 4662 1827 4729 puniendi
1877 4672 2060 4726 erant,
2103 4679 2215 4716 ma-

614 4748 798 4818 gisque
826 4749 938 4822 ipse
963 4766 1119 4820 quam
1148 4753 1237 4825 qui
1267 4752 1627 4823 puniebantur
1651 4754 1960 4823 angebatur.
1990 4756 2057 4807 At
2080 4764 2211 4808 tem~

617 4858 746 4916 pore
776 4842 886 4897 Noe
922 4828 1200 4898 calamitas
1243 4844 1400 4915 longe
1444 4853 1561 4911 erat
1608 4846 1851 4916 gravior,
1897 4846 2095 4914 quippe
2126 4846 2211 4900 illa

616 4934 726 4996 sola
756 4932 1020 5002 ejusmodi
1053 4934 1358 5001 morsiliata
1377 4945 1477 4989 est.
1500 4933 1631 4994 Cum
1653 4935 1810 5005 igitur
1837 4943 1912 4989 tot
1943 4951 2215 5005 premere-

615 5040 700 5087 tur
728 5031 901 5093 malis,
930 5030 1241 5096 solitudine,
1267 5033 1484 5095 miseria
1510 5035 1684 5103 gentis
1711 5049 1841 5100 sum,
1874 5036 2210 5106 pereuntium

615 5122 973 5191 multitudine,
1007 5127 1197 5183 mortis
1225 5142 1445 5197 genere,
1478 5136 1637 5186 terra:
1668 5128 1829 5189 totius
1857 5129 2208 5193 desolatione,

609 5223 772 5285 atque
816 5215 1047 5287 undique
1078 5231 1280 5293 mmror
1319 5218 1681 5284 incresceret,
1714 5221 1803 5291 qui
1830 5236 1889 5276 se
1920 5221 2209 5278 vehemen-

615 5305 821 5360 tissime
847 5302 1201 5376 concuteret',
1234 5294 1483 5380 adjicitur
1511 5312 1765 5370 continuo
1792 5313 1901 5376 nati
1928 5326 2210 5370 contume-

610 5397 683 5458 lia
704 5437 720 5465 ,
766 5411 855 5452 res
891 5400 1105 5472 quidem
1134 5402 1486 5461 intolerabilis
1505 5442 1520 5468 ,
1557 5404 1900 5475 turpitudinis
1928 5415 1979 5463 et
2010 5406 2211 5463 doloris

616 5486 962 5548 incredibilis.
991 5494 1203 5561 Quanto
1234 5496 1376 5553 enim
1407 5496 1702 5573 amicorum
1734 5499 1935 5567 probra
1964 5500 2212 5569 graviora

612 5597 773 5649 quam
803 5582 1141 5641 inimicorum
1170 5596 1316 5654 sunt,
1350 5598 1501 5644 tanto
1526 5589 1736 5661 injuria:
1764 5604 1794 5645 a
1828 5590 1951 5646 ﬁliis
1974 5602 2211 5663 acceptae

604 5673 715 5741 illis
760 5677 919 5734 etiam
968 5678 1416 5739 intolerabiliores
1470 5690 1612 5745 sunt.
1661 5680 1798 5746 Cum
1850 5683 1992 5741 enim
2046 5700 2203 5767 quem

2330 353 2620 411 genuerat,
2665 360 2824 414 quem
2868 345 3223 410 educaverat,
3268 361 3426 417 quem
3453 343 3740 409 erudient,
3770 342 3928 414 cujus

2328 432 2495 500 gratia
2524 432 2733 488 labores
2762 434 3021 504 plurimos
3047 450 3109 489 ac
3134 435 3345 490 dolores
3371 450 3635 504 curasque
3661 434 3930 490 tolerave~

2330 534 2449 587 rat.,
2496 540 2616 579 eum
2649 541 2758 595 prze
2788 527 2998 582 ca-teris
3027 526 3565 582 contumeliosissime
3598 540 3657 579 se
3698 536 3928 581 tractare

2328 625 2597 681 cerneret,
2648 633 2715 672 ne
2761 616 2904 673 ferre
2945 618 3155 688 quidem
3201 618 3364 672 animi
3411 617 3651 673 dolorem
3694 626 3925 686 poterat.

2328 707 2662 765 Contumelia
2693 711 2889 780 quippe
2933 711 3099 765 libero
3130 709 3352 775 homini,
3387 720 3496 764 tum
3526 726 3623 779 per
3649 726 3705 765 se
3731 719 3813 764 est
3844 710 3928 767 ἰησ-

2331 802 2639 867 tolerabilis,
2691 812 2799 859 tum
2845 803 2889 857 si
2930 819 2959 857 a
3010 804 3134 859 ﬁliis
3178 806 3506 869 manaverit,
3558 804 3609 858 in
3651 814 3928 873 stuporem

2328 893 2490 946 animi
2518 896 2813 960 convertit,
2847 896 3061 964 utpote‘
3114 896 3470 951 atrocissima.
3513 896 3591 950 Tu
3627 896 3785 949 velim
3816 910 3925 948 non

2330 982 2379 1035 id
2408 983 2568 1037 modo
2604 982 2813 1039 facinus
2838 986 3147 1040 consideres
3168 1026 3182 1050 ,
3216 986 3309 1041 sed
3339 1003 3401 1039 ex
3440 1002 3505 1040 eo
3532 987 3646 1055 ipso
3671 986 3931 1055 conjicias

2328 1090 2486 1143 quam
2520 1076 2606 1130 ille
2636 1078 3023 1133 contumeliose
3068 1078 3233 1149 priori
3268 1077 3414 1135 omni
3447 1088 3688 1147 tempore
3720 1088 3930 1146 patrem

2330 1166 2594 1221 habuerit.
2636 1169 2734 1239 Qui
2780 1170 2920 1223 enim
2970 1180 3290 1239 prrescntem
3336 1171 3512 1226 adhuc
3557 1181 3713 1224 tanta:
3761 1169 3930 1227 cladis

2332 1268 2589 1314 terrorem
2623 1260 2883 1326 habebat,
2925 1276 2989 1319 ac
3019 1278 3192 1338 nuper
3216 1278 3283 1317 ex
3327 1278 3541 1319 carcere
3570 1263 3660 1316 illo
3689 1262 3893 1316 exierat
3912 1304 3928 1322 .

2329 1350 2583 1419 orbisque
2610 1352 2771 1406 totius
2795 1353 3154 1408 calamitatem
3183 1354 3414 1416 videbat,
3436 1368 3498 1407 ac
3524 1369 3589 1407 ne
3614 1354 3691 1407 sic
3712 1352 3929 1421 quidem

2329 1440 2644 1495 emendatus
2687 1442 2892 1509 fuerat,
2940 1442 3033 1498 sed
3078 1460 3197 1497 cum
3248 1460 3407 1513 quem
3439 1444 3660 1498 minimc.
3688 1447 3930 1495 omnium

2330 1530 2583 1585 debuerat
2612 1573 2624 1594 .
2673 1536 3011 1590 contumeliis
3052 1519 3341 1597 afﬁciebat,
3395 1550 3565 1604 neque
3598 1533 3930 1591 infinitarum

2332 1624 2637 1678 mortalium
2689 1641 2817 1678 nece
2840 1667 2855 1690 ,
2907 1642 3080 1695 neque
3119 1627 3406 1680 solitudine
3434 1667 3447 1687 ,
3490 1642 3660 1693 neque
3694 1624 3783 1678 Dei
3814 1626 3891 1678 ira
3914 1667 3929 1689 ,

2332 1730 2506 1784 neque
2541 1717 2643 1770 alia
2683 1717 2785 1771 ulla
2829 1734 3012 1774 carum
3056 1735 3235 1775 rerum
3274 1735 3393 1787 qua:
3435 1728 3547 1773 tum
3593 1719 3927 1787 contigerant

2331 1806 2522 1860 melior
2565 1806 2789 1861 allectus
2818 1808 2989 1863 fuerat
3014 1826 3027 1863 :
3050 1809 3348 1875 cujnsmodi
3396 1808 3482 1862 ille
3512 1816 3636 1863 ante
3666 1807 3930 1861 diluviqu

2331 1895 2458 1962 fuit,
2499 1914 2622 1952 cum
2668 1899 2926 1968 plurimos
2970 1900 3219 1966 haberet,
3268 1902 3356 1969 qui
3401 1917 3459 1957 se
3492 1899 3836 1955 hortarentur
3861 1898 3930 1955 ad

2329 1988 2494 2043 vitia?
2538 1989 2685 2044 ’l'unc
2714 1992 2856 2045 enim
2889 1993 3159 2062 profecto,
3208 2003 3333 2047 tunc
3379 1994 3711 2047 molestiores
3738 1993 3934 2047 [luctus

2325 2080 2501 2150 justus
2533 2082 2620 2135 ille
2653 2083 2903 2152 pertulit,
2938 2100 3095 2155 quam
3139 2084 3338 2139 fuerint
3376 2086 3463 2156 qui
3498 2096 3618 2155 post
3649 2087 3699 2140 in
3728 2086 3933 2140 diluvio

2329 2175 2690 2243 contigerunt,
2743 2190 2863 2230 cum
2915 2192 3007 2244 per
3058 2177 3225 2230 ﬁlium
3273 2192 3447 2242 suum,
3506 2188 3617 2231 tum
3661 2193 3754 2247 per
3798 2180 3934 2233 aiios

2329 2281 2537 2321 omnes.
2576 2266 2704 2319 Nam
2753 2267 2803 2321 in
2846 2267 3047 2321 diluvio
3086 2268 3297 2337 quidem
3330 2270 3443 2323 sola
3477 2270 3622 2322 illum
3656 2285 3918 2338 aquarum

2329 2360 2617 2414 multitudo
2655 2362 3007 2431 angnSIabat;
3051 2372 3175 2415 ante
3201 2362 3457 2415 diluvium
3491 2373 3667 2417 autem
3696 2362 3933 2430 undique

2330 2453 2582 2521 nequitia:
2604 2453 2797 2523 abyssi)
2814 2453 3290 2522 comprimebatur,
3311 2468 3371 2507 ac
3388 2454 3753 2507 vehementius
3771 2470 3932 2521 quant

2332 2545 2583 2600 [luctibus
2629 2546 2835 2599 insidiis
2887 2546 3336 2614 nequissimornm
3389 2546 3662 2599 hominum
3712 2545 3937 2599 collide-

2329 2638 2506 2691 batur.
2536 2637 2693 2691 Solos
2720 2637 2861 2689 cnim
2885 2638 3104 2691 relictus
3127 2638 3177 2690 in
3211 2646 3356 2690 tanta
3385 2638 3733 2691 sceleStorum
3762 2636 3935 2690 homi-

2329 2747 2454 2785 num
2509 2727 3005 2803 llagitiosorumqu'e
3037 2734 3417 2801 multitudine,
3466 2734 3565 2788 etsi
3611 2734 3743 2789 nihil
3788 2736 3932 2790 aliud

2329 2826 2672 2896 patiebatur,
2730 2828 3005 2884 irrisiones
3058 2838 3234 2881 tamen
3285 2828 3539 2897 plurimas
3595 2844 3659 2882 ae
3710 2830 3933 2883 dicteria

2329 2920 2569 2991 quotidie
2618 2921 2860 2978 ferebat:
2888 2921 3044 2989 idque
3086 2921 3131 2974 si
3181 2937 3285 2975 non
3318 2931 3474 2975 antea
3499 2964 3512 2983 ,
3558 2931 3667 2975 tum
3702 2923 3935 2977 maxime

2327 3012 2543 3082 quando
2570 3014 2675 3067 illis
2702 3014 2768 3066 de
2794 3028 2915 3067 arca
2946 3023 2999 3068 et
3025 3014 3091 3067 de
3137 3011 3331 3069 futuris
3373 3014 3612 3068 cladibus
3654 3016 3811 3069 verba
3857 3015 3934 3070 fa-

2327 3103 2524 3158 ciebat.
2553 3103 2695 3159 lstud
2724 3119 2850 3158 vero
2873 3114 3124 3173 quantum
3158 3106 3260 3157 vim
3289 3104 3483 3159 habeat
3513 3106 3575 3159 ad
3610 3106 3935 3174 perturban-

2328 3196 2425 3251 dos
2454 3198 2683 3259 auimos,
2717 3206 2941 3250 testatur
2963 3196 3049 3264 qui
3079 3212 3145 3251 ex
3176 3207 3328 3249 utero
3352 3198 3539 3251 matris
3570 3197 3936 3257 sanctificatus

2327 3299 2409 3345 est
2438 3289 2719 3353 Jeremias,
2746 3291 2832 3358 qui
2861 3300 3139 3359 prepterea
3167 3290 3499 3360 prophetiam
3522 3306 3733 3360 quoque
3758 3291 3931 3357 ipsam

2329 3382 2633 3451 relinquere
2663 3381 3040 3435 meditabatur.
3073 3380 3401 3447 Dixicnim,
3438 3382 3627 3451 inquit,
3660 3397 3762 3436 n‘n
3805 3400 3931 3451 pro-

2329 3473 2542 3541 phetabo
2571 3472 2701 3544 (Jer.
2733 3473 2824 3530 ‘20.
2856 3472 2935 3543 9).
2970 3457 3234 3529 Pra-terea
3272 3472 3322 3525 id
3353 3474 3549 3537 solum,
3579 3472 3721 3542 quod
3752 3474 3935 3529 nullus

2327 3564 2399 3621 illi
2426 3574 2542 3617 erat
2572 3564 2858 3629 ttnanimis,
2892 3565 3177 3631 nullusque
3203 3564 3315 3616 suis
3342 3563 3580 3616 moribus
3606 3564 3928 3629 conformis,

2324 3666 2582 3724 quantum
2616 3655 2689 3708 illi
2734 3656 2874 3709 tmdii
2898 3696 2913 3718 ,
2955 3663 3214 3723 quantum
3262 3665 3415 3722 putas
3446 3655 3693 3708 mmroris
3720 3654 3935 3710 oli‘ude-

2327 3746 2443 3800 rat?
2473 3744 2656 3814 Neque
2688 3747 2808 3801 ideo
2836 3756 3039 3799 tantum
3062 3744 3378 3815 angebatur,
3406 3761 3590 3799 verum
3622 3762 3690 3800 ex
3717 3747 3932 3802 illorum

2326 3838 2667 3892 miseratione
2688 3836 2954 3894 cruciatus
2976 3835 3290 3906 innumeros
3310 3835 3627 3905 patiebatur.
3647 3836 3762 3891 Non
3785 3840 3933 3893 enim

2328 3937 2451 3983 tunc
2482 3928 2651 3980 solmn
2683 3928 3036 3982 maerent-viri
3064 3928 3230 3997 justi,
3257 3944 3378 3982 cum
3410 3943 3605 3998 pravos
3633 3930 3933 3985 morientes

2324 4020 2608 4086 aspiciunt,
2636 4018 2729 4071 sed
2759 4020 2921 4073 etiam
2949 4034 3070 4072 cum
3106 4030 3390 4087 peccantes
3421 4020 3633 4084 vident;
3664 4020 3770 4074 imo
3801 4036 3932 4078 vero

2325 4110 2491 4163 multo
2532 4100 2762 4177 amplius
2808 4110 2910 4164 hoc
2952 4125 3111 4178 quam
3164 4109 3256 4164 illo
3310 4111 3813 4181 cruciantur:quod
3860 4126 3929 4166 ex

2325 4200 2599 4269 prophetis
2634 4200 2885 4255 facillime
2919 4201 3272 4256 animadverti
3314 4212 3506 4271 potest.
3552 4203 3705 4256 AliUS
3732 4203 3932 4274 quippe

2324 4292 2531 4345 illorum
2562 4307 2741 4347 amare
2776 4292 3170 4369 ingemiscens:
3206 4292 3309 4355 γω,
3344 4294 3532 4363 inquit,
3562 4295 3761 4357 anima,
3799 4297 3933 4366 quia

2323 4386 2469 4454 periit
2503 4387 2618 4453 pius
2660 4386 2721 4439 de
2752 4396 2916 4449 terra,
2961 4402 3049 4451 nec
3095 4395 3169 4440 est
3214 4388 3265 4438 in
3316 4388 3635 4451 hominibus,
3678 4390 3766 4459 qui
3794 4392 3931 4459 quod

2320 4488 2508 4531 rectum
2545 4488 2617 4529 est
2656 4478 2811 4546 faciat
2841 4477 3029 4548 (Mich.
3061 4478 3113 4535 7.
3154 4478 3230 4549 Ξ).
3267 4479 3417 4533 Alius
3442 4479 3507 4534 ad
3540 4481 3704 4534 ilettnt
3735 4481 3927 4551 loque-

2321 4570 2473 4623 batur
2502 4587 2514 4623 :
2543 4569 2715 4636 Quare
2768 4570 3032 4623 ostendisti
3074 4571 3197 4623 milii
3227 4571 3424 4623 labores
3455 4582 3501 4623 et
3535 4572 3734 4625 dolores
3761 4573 3930 4627 ridere

2320 4660 2544 4728 (Habac.
2586 4663 2636 4716 1.
2672 4661 2751 4732 5).
2783 4660 2849 4715 Ει
2878 4660 2945 4715 de
2976 4660 3040 4714 iis
3068 4664 3155 4729 qui
3201 4661 3413 4729 injuriis
3445 4662 3924 4731 opprimebantur.

2320 4755 2541 4809 nimium
2592 4756 2887 4810 condoleus
2933 4754 3167 4825 lugebat
3194 4755 3378 4809 dicens
3416 4774 3427 4807 :
3466 4755 3649 4809 Facies
3700 4756 3925 4811 homines

2319 4858 2373 4901 ut
2414 4849 2571 4916 pisces
2603 4850 2758 4902 maris
2786 4865 2886 4902 non
2930 4847 3166 4903 habentes
3196 4848 3373 4903 ducem
3404 4849 3565 4917 (Ibid.
3607 4850 3719 4920 Μ).
3770 4850 3922 4917 Quod

2318 4942 2361 4996 si
2395 4952 2517 4996 tunc
2540 4944 2636 4997 ista
2657 4944 3059 5013 contingebant,
3081 4959 3202 4996 cum
3224 4943 3370 5012 leges
3388 4944 3693 4995 constituLe
3715 4950 3922 5008 essent,

2318 5046 2371 5089 et
2402 5035 2668 5105 principes
2692 5076 2704 5098 ,
2737 5044 2791 5089 et
2812 5035 3033 5105 judicia,
3069 5045 3123 5089 et
3149 5035 3457 5090 sacerdotes
3482 5078 3494 5095 ,
3526 5046 3577 5089 et
3612 5035 3918 5105 propheta),

2317 5134 2371 5181 ct
2394 5126 2681 5196 supplicia,
2716 5127 2995 5181 considera
3027 5136 3225 5196 quanta
3268 5126 3610 5194 impudentiae
3652 5128 3922 5198 magnituv

2316 5217 2443 5274 dine
2471 5218 2569 5273 sub
2598 5218 2708 5272 Noe
2744 5227 2937 5272 cuncta
2980 5217 3185 5272 scelera
3226 5219 3702 5287 committebantur
3724 5259 3741 5283 ,
3789 5233 3915 5291 cum

2310 5310 2463 5367 'nnllo
2505 5310 2693 5363 horum
2736 5308 2911 5363 adhuc
2958 5308 3203 5363 homines
3250 5310 3652 5365 cohiberentur.
3708 5310 3775 5365 Et
3819 5312 3923 5365 sub

2318 5403 2593 5476 prOpbetis
2621 5400 2837 5471 quidem
2870 5416 2975 5456 non
3015 5400 3172 5455 valde
3214 5400 3455 5470 longatva
3496 5410 3612 5455 erat
3650 5411 3791 5467 vita,
3823 5400 3920 5457 sed

2316 5494 2653 5568 septuaginta
2688 5493 2774 5548 vel
2813 5491 3086 5564 octoginta
3128 5491 3285 5548 annis
3327 5492 3746 5557 terminabatur;
3794 5504 3924 5549 tuna

2381 5630 2395 5691 ι
2434 5636 2563 5686 meo,
2583 5633 2743 5691 utpote
2766 5626 3084 5691 atrocissima,
3108 5626 3290 5676 desunt
3311 5628 3361 5677 in
3381 5624 3513 5691 coib.
3539 5627 3660 5691 etin
3685 5627 3926 5681 textuSa.

2327 5688 2428 5756 vil.,
2453 5693 2540 5742 sel
2566 5686 2807 5745 habentur
2831 5704 2879 5740 tn
2902 5686 3077 5740 Morel.
3092 5696 3143 5743 et
3167 5691 3215 5742 in
3238 5690 3458 5755 margine
3477 5686 3622 5747 savii.
