4264 6312
621 356 728 413 657

616 473 800 545 παρῶ,
828 471 972 525 πόσα
1007 454 1307 542 πράγματα
1350 468 1494 540 ἔχειν
1524 471 1889 541 ἠναγκάζετο,
1917 471 2060 526 οὕτω
2092 471 2309 542 μακράν

617 560 818 616 ὁδεύων
853 559 994 624 ὁδὸν,
1022 560 1119 612 καὶ
1162 558 1298 630 μηδέ
1329 558 1522 629 μικρὸν
1556 560 1614 613 ἐν
1656 560 1894 630 τοσούτῳ
1925 554 2093 630 μήκει
2127 576 2307 630 παρα-

616 648 893 719 τραπῆναι
930 645 1273 710 σπουδάζων,
1320 645 1533 699 πολλῶν
1578 648 1634 699 ἐν
1673 648 1753 717 τῷ
1800 648 2004 719 μεταξὺ
2049 648 2309 719 κωλυμά-

618 752 728 789 των
750 735 921 789 ὄντων
944 734 1100 801 ;,Καὶ
1133 734 1183 787 τί
1216 732 1359 803 λέγω
1389 734 1620 798 πολλῶν,
1656 736 1836 805 πάσης
1883 737 1982 807 μὲν
2011 731 2103 791 οῦν
2135 736 2308 790 διόλου

619 822 880 893 τοιαύτης
935 820 1113 901 οὔσης,
1140 820 1237 891 τῆς
1262 820 1407 889 ὁδοῦ,
1448 823 1557 876 ἀπὸ
1608 841 1716 877 των
1749 814 2037 895 τερμάτων
2069 826 2169 896 τῆς
2204 824 2310 895 γῆς

620 912 716 967 ἐπὶ
778 911 865 965 τά’
899 910 1149 980 τέρματα
1196 911 1379 981 πάσης
1428 911 1710 966 σκοπέλων
1774 914 1868 967 καὶ
1914 914 2169 969 ἀκανθῶν
2216 915 2311 967 καὶ

623 999 830 1073 θηρίων
886 997 982 1052 καὶ
1047 997 1261 1069 αὐχμοῦ
1316 999 1408 1051 καὶ
1490 1000 1682 1071 λοιμοῦ
1739 1013 1765 1042 ι
1820 1001 1917 1055 καὶ
1974 1001 2185 1075 κρυμοῦ
2216 1003 2311 1056 καὶ

623 1087 950 1158 κακούργων
998 1085 1467 1157 πεπληρωμένης;
1518 1089 1631 1141 Καὶ
1670 1090 1780 1161 γὰρ
1829 1088 2199 1163 εὐκολώτερον
2218 1108 2312 1144 τε-

622 1176 932 1249 τριμμένην
970 1174 1211 1245 ἀτραπὸν
1235 1175 1291 1226 ἐν
1335 1175 1412 1244 τῷ
1441 1176 1726 1250 βαθυτάτῳ
1757 1178 1859 1249 τῆς
1890 1178 2081 1244 νυκτὸς
2108 1180 2312 1233 ὁδεύειν

624 1263 939 1329 διαπαντὸς,
992 1263 1026 1334 ἢ
1065 1264 1163 1333 τὴν
1212 1263 1324 1334 τῆς
1345 1264 1548 1335 ἀρετῆς
1593 1265 1711 1319 666v
1772 1268 1895 1320 κατ’
1924 1267 2163 1331 ἐκείνους
2188 1269 2314 1332 τοὺς

633 1350 872 1423 καιρούς·
927 1349 1169 1403 τοσοῦτοι
1224 1352 1273 1403 οί
1327 1350 1396 1405 16
1438 1352 1750 1425 διαδήματα
1783 1353 1949 1407 αὐτοῦ
2005 1353 2312 1425 βιαζόμενοι

625 1438 1001 1510 παρατρέπειν
1019 1433 1179 1509 ἦσαν.
1209 1438 1379 1492 Ὅταν
1431 1441 1540 1513 γὰρ
1578 1442 1784 1497 ἅπασιν
1815 1438 1960 1515 ἀπερ
1989 1443 2057 1497 ἂν
2088 1442 2315 1497 ἐθέλωσι

630 1530 890 1602 πράττειν
920 1528 1037 1601 ἐξῇ,
1092 1525 1173 1595 εἷς
1218 1530 1275 1585 δέ
1320 1532 1480 1603 μόνος
1513 1536 1542 1588 6
1577 1533 1676 1606 τὴν
1704 1536 1953 1591 ἐναντίαν
1987 1536 2169 1601 αὐτοῖς
2217 1536 2313 1608 βα-

626 1618 789 1684 δίζων
836 1615 894 1694 ᾖ,
930 1618 1047 1683 πῶς
1091 1619 1377 1692 δυνήσεται
1427 1622 1565 1695 πρὸς
1612 1624 1675 1679 16
1714 1623 1869 1689 τέλος
1890 1624 2067 1679 ἐλθεῖν
2096 1624 2317 1680 πάντων

628 1704 916 1761 ὠθούντων
942 1705 1120 1761 ὀπίσω
1169 1707 1264 1761 καὶ
1305 1708 1721 1782 ἀνακρουόντων
1754 1711 1953 1778 αὐτόν;
2003 1712 2178 1782 Ὅσην
2205 1711 2317 1783 γὰρ

628 1795 745 1867 εχει
767 1794 1056 1850 δυσκολίαν
1094 1796 1166 1849 16
1230 1795 1368 1868 μετά
1418 1786 1630 1852 πολλῶν
1657 1797 1815 1863 ὄντας
1866 1795 2186 1874 κατορθοῦν,
2222 1797 2318 1868 δη-

628 1883 813 1939 λοῦσιν
839 1883 890 1938 οί
922 1882 1023 1948 τὰς
1074 1884 1312 1957 ἐρημίας
1366 1885 1758 1959 κατειληφότες
1811 1885 1931 1952 νῦν,
1974 1888 2062 1941 ὅτε
2119 1888 2185 1958 τῇ
2219 1884 2316 1941 τοῦ

629 1969 767 2035 Θεοῦ
799 1970 981 2044 χάριτι
1018 1972 1123 2045 τὴν
1146 1971 1381 2039 εὐζωῖαν
1419 1974 1701 2049 πανταχοῦ
1727 1975 2138 2049 διεσπαρμένην
2168 1974 2316 2030 ἐστιν

633 2060 782 2128 ίδεῖν,
811 2060 901 2115 ὅτε
923 2060 1019 2115 καὶ
1040 2060 1293 2131 ὁμόνοιαν
1319 2061 1415 2116 καὶ
1444 2062 1829 2136 φιλοστοργίαν
1890 2064 2027 2136 πρὸς
2056 2062 2317 2134 ἀλλήλους

629 2150 692 2205 οὐ
736 2148 961 2219 μικράν.
1000 2147 1159 2202 Ἀλλὰ
1196 2148 1312 2202 τότε
1343 2151 1546 2216 τούτων
1574 2152 1725 2205 οὐδὲν
1767 2146 1855 2224 ἦν,
1891 2146 2028 2206 ἀλλά
2085 2152 2180 2206 καὶ
2218 2151 2316 2223 θη-

632 2236 767 2308 ρίων
798 2233 1132 2308 ἀγριώτερον
1162 2235 1361 2300 πάντες
1388 2236 1650 2293 διέκειντο
1682 2239 1820 2312 πρὸς
1852 2239 2031 2293 αὐτόν.

703 2332 779 2391 ς’.
816 2323 881 2374 Τί
913 2318 1008 2377 οὖν
1036 2323 1225 2378 τούτου
1258 2325 1452 2393 γένοιτ’
1485 2326 1551 2381 ἀν
1575 2326 1963 2401 ὀδυνηρότερον
1986 2326 2078 2381 τοῦ
2110 2325 2319 2397 βίου;τί

629 2412 836 2483 ταύτης
885 2413 1286 2485 μοχθηρότερον
1339 2412 1441 2483 τῆς
1494 2413 1676 2485 ζωῆςς
1731 2415 1875 2485 Ἐγὼ
1923 2416 2024 2488 μὲν
2066 2412 2160 2473 οὖν
2211 2416 2320 2469 τῶν

631 2500 1080 2573 ἀχθοφορούντων
1134 2499 1427 2565 διαπαντὸς
1485 2502 1580 2555 καὶ
1632 2503 1904 2575 μηδέποτε
1942 2504 2320 2560 ἀναπνεόντων

630 2590 1050 2663 ἐπηγγειλάμην
1094 2590 1291 2656 δείξειν
1322 2591 1488 2645 αὐτὸν
1514 2592 1670 2647 οὐδὲν
1697 2593 1920 2665 ἄμεινον
1952 2594 2317 2666 διακείμενονο

631 2676 660 2728 6
696 2674 753 2729 δὲ
782 2674 940 2745 λόγος
970 2674 1149 2747 πολλῷ
1184 2676 1346 2729 πλέον
1375 2674 1651 2748 ἐποίησεν,
1678 2678 1739 2729 οὐ
1779 2677 1941 2747 μόνον
1980 2678 2132 2733 οὐδὲν
2160 2678 2323 2749 ἀμει-

633 2779 745 2829 νον,
778 2762 915 2816 ἀλλά
941 2763 1037 2816 καὶ
1063 2761 1243 2833 πολλῷ
1270 2761 1675 2835 φορτικώτερον
1705 2765 1931 2818 ἐκείνων
1958 2764 2149 2836 ἔχοντα
2186 2767 2324 2820 ἀπο-

635 2850 815 2920 φήνας
842 2851 997 2922 ἡμῖν.
1034 2852 1195 2903 Δοκεῖ
1223 2849 1324 2920 μὲν
1348 2844 1443 2903 οὖν
1470 2849 1684 2914 πολλοῖς
1712 2852 1743 2903 6
1788 2851 2040 2923 ’Λϐραάμ
2066 2853 2125 2906 ἐν
2160 2852 2321 2906 εὐθυ-

637 2937 737 3009 μίᾳ
784 2936 875 2991 τὸν
920 2937 1136 2992 ἅπαντα
1179 2936 1610 2993 διατετελεκέναι
1656 2932 1879 3011 χρόνον,
1904 2939 2027 2994 ὅθεν
2064 2941 2159 2994 καὶ
2196 2940 2324 3005 τοὺς

633 3025 1043 3099 εὐημεροῦντας
1069 3027 1163 3080 καὶ
1190 3026 1530 3097 πανταχόθεν
1557 3028 1844 3099 κομῶντας
1867 3026 2018 3098 αὐτῷ
2050 3027 2326 3100 παραϐάλι-

632 3116 746 3170 λειν
783 3114 1026 3171 είώθασι.
1076 3116 1213 3188 Φέρε
1268 3110 1363 3170 οῦν
1416 3116 1765 3187 ἐξετάσωμεν
1813 3115 1883 3169 τά
1939 3114 2325 3187 συμϐεϐηκότα

636 3202 807 3277 αὐτῷ.
851 3203 1010 3275 Ἐμοὶ
1067 3204 1176 3275 γὰρ
1232 3196 1388 3265 οὗτος
1442 3202 1625 3275 ποτλῷ
1662 3204 1756 3257 καὶ
1794 3204 1887 3258 τοῦ
1935 3202 2056 3258 Νῶε
2100 3206 2322 3259 καὶτοῦ

640 3292 828 3346 ’Ἄϐελα
869 3291 1071 3364 μᾶλλον
1102 3291 1159 3345 δέ
1192 3292 1344 3346 οὐδὲν
1368 3292 1496 3364 ἐρῶ,
1527 3293 1633 3355 ἕως
1676 3294 1743 3347 ἂν
1780 3294 1813 3364 ἡ
1844 3294 1952 3347 τῶν
1981 3296 2324 3367 πραγμάτων

637 3379 885 3448 ἐξέτασις
917 3378 1078 3451 θῆται
1100 3379 1199 3450 τὴν
1226 3378 1404 3450 ψῆφον
1431 3381 1585 3450 ἡμῖν.
1619 3379 1700 3433 Τά
1735 3380 1835 3451 μέν
1866 3377 1960 3435 οῦν
1993 3385 2051 3436 ἐν
2077 3382 2320 3454 Περσίδι,

638 3468 734 3522 καὶ
786 3468 839 3522 εί
881 3484 932 3521 τι
976 3466 1139 3539 μέχρι
1172 3466 1281 3520 τῶν
1329 3466 1700 3540 ἐϐδομήκοντα
1748 3468 1886 3523 ἐτῶν
1936 3469 2084 3541 αὐτῷ
2124 3470 2322 3542 συνέϐη

637 3554 879 3626 λυπηρὸν
897 3554 947 3619 δ,
976 3554 1149 3619 οὐδεὶς
1178 3553 1383 3609 δύναιτ’
1406 3554 1475 3609 ἂν
1522 3555 1720 3609 εἰδέναι
1768 3556 1975 3625 σαφῶς.
2028 3557 2162 3612 Οὐδὲ
2215 3558 2325 3630 γὰρ

636 3644 669 3695 6
714 3641 983 3714 μακάριος
1010 3640 1163 3714 [189]
1196 3643 1436 3714 Μωῦσῆς
1462 3642 1670 3698 ἐκείνου
1698 3642 1791 3697 τοῦ
1825 3644 2017 3717 χρόνου
2046 3644 2144 3717 τὴν
2181 3646 2326 3700 ίστο-

646 3730 768 3801 ρίαν
799 3730 930 3802 ἡμῖν
967 3729 1229 3801 ἔγραψεν,
1278 3730 1414 3784 ἀλλὰ
1462 3732 1644 3785 πᾶσαν
1702 3722 1799 3804 τὴν
1852 3732 2071 3803 ἡλικίαν
2121 3733 2328 3803 ταύτην

640 3818 823 3887 ἀφεὶς,
852 3817 959 3871 ἀπὸ
1000 3815 1107 3871 τῶν
1142 3816 1281 3889 μετά
1308 3816 1481 3872 ταῦτα
1513 3819 1808 3892 πεποίηται
1849 3821 1943 3875 τοῦ
1988 3822 2328 3903 διηγήματος

642 3907 741 3979 τὴν
767 3908 964 3979 ἀρχήν.
1002 3906 1122 3964 Ὅτι
1148 3907 1204 3960 δέ
1236 3908 1330 3961 καὶ
1356 3908 1518 3963 αὐτὸν
1552 3908 1618 3963 16
1643 3910 1783 3964 αὐτά
1822 3900 2065 3982 πάσχειν
2092 3912 2171 3984 τῷ
2201 3900 2327 3966 Νῶε

642 3995 789 4060 εἰκὸς
821 3991 911 4068 ἦν,
940 3995 1142 4066 μεταξὺ
1169 3995 1439 4051 τοσούτων
1472 3997 1686 4051 ἀσεϐῶν
1725 4000 1819 4053 καὶ
1846 3998 2137 4075 βαρϐάρων
2170 4001 2329 4072 μόνον

644 4079 967 4151 βουλόμενον
995 4078 1259 4146 εὐσεϐεῖν,
1286 4080 1445 4135 τοῦτο
1493 4083 1594 4136 οὐκ
1640 4082 1718 4137 ἔτι
1760 4087 1873 4149 τοῖς
1904 4084 2085 4147 ἄλλοις
2128 4083 2331 4155 ὁμοίως

643 4166 839 4237 ἄδηλόν
873 4169 1041 4227 ἐστιν,
1066 4166 1201 4222 ἀλλά
1250 4168 1345 4221 καὶ
1385 4168 1433 4223 οί
1477 4170 1685 4242 σφόδρα
1711 4171 1928 4242 ἀνόητοι
1974 4170 2331 4242 στοχάσαιντο

648 4253 850 4325 ῥαδίως
877 4254 1071 4308 αὐτόε.
1106 4253 1255 4326 Πλὴν
1282 4253 1420 4309 6116
1447 4256 1541 4309 καὶ
1566 4255 1739 4309 ταῦτα
1769 4257 2051 4329 παρείσθω
2077 4258 2191 4314 νῦν·
2221 4259 2331 4313 ἀπὸ

644 4341 703 4395 δὲ
745 4340 848 4412 τῆς
899 4341 1206 4414 ἀποδημίας
1256 4340 1418 4397 αὐτοῦ
1463 4343 1820 4416 ποιησώμεθα
1873 4345 1967 4399 τοῦ
2020 4346 2179 4415 λόγου
2232 4347 2331 4418 τὴν

646 4427 846 4499 ἀρχὴν,
881 4428 1045 4499 πρόες
1057 4445 1149 4501 ρον
1180 4432 1355 4484 ἐκεῖνο
1383 4431 1758 4499 ἐξετάσαντες,
1789 4433 1953 4487 πόσον
1984 4435 2016 4505 ἡ
2049 4433 2157 4487 τῶν
2187 4434 2333 4487 Χαλ-

646 4511 810 4565 δαίων
854 4511 930 4583 γῆ
967 4513 1069 4589 τῆς
1100 4513 1466 4587 Παλαιστίνης
1498 4516 1827 4586 ἀφέστηκεν,
1861 4518 1894 4588 ἢ
1933 4518 2061 4570 ποία
2084 4534 2167 4581 τις
2197 4512 2264 4588 ἧν
2304 4520 2332 4589 ἡ

648 4598 760 4655 τῶν
801 4600 936 4657 ὁδῶν
972 4604 1309 4675 κατασκευὴ.
1344 4603 1461 4668 πῶς
1490 4606 1601 4668 τοῖς
1633 4603 1938 4676 ἀνθρώποις
1980 4605 2047 4659 16
2077 4607 2178 4677 τῆς
2217 4605 2338 4657 ἐπι-

654 4690 837 4767 μιξίπ·
868 4692 890 4718 ⁷
1016 4690 1150 4766 πρὸς
1172 4691 1722 4763 ἀλλήλουςδιέκειτο,
1756 4692 1837 4755 τίς
1871 4693 1899 4744 6
1928 4692 2026 4763 τῆς
2058 4692 2336 4757 πολιτείας

660 4782 719 4853 ς
1000 4779 1092 4851 Μὴ
1122 4780 1229 4849 γὰρ
1257 4780 1440 4857 ἐπειδὴ
1467 4780 1706 4845 εὐκόλως
1736 4781 2044 4849 ὑπήκουσεν
2071 4782 2099 4834 6
2129 4780 2338 4845 δίκαιος

652 4869 882 4931 ἐκεῖνος,
1042 4867 1103 4921 16
1140 4884 1175 4920 π
1228 4870 1373 4937 ῗγμα
1393 4868 1613 4921 εῦκολον
1640 4863 1782 4922 εἶναι
1809 4867 2036 4922 δοκείτω
2071 4867 2185 4934 νῦν,
2213 4869 2336 4939 μηδ’

653 4957 735 5010 ὅτι
788 4972 895 5009 συν
938 4974 1069 5026 Δμως
1114 4955 1211 5010 καὶ
1256 4956 1314 5010 ἐν
1358 4956 1551 5028 βραχεῖ
1592 4958 1654 5011 16
1696 4958 1918 5026 γεγονὸς
1966 4956 2265 5028 διηγήσατο
2310 4959 2339 5010 6

650 5049 861 5118 Μωσῆς
934 5048 1031 5100 καὶ
1069 5048 1131 5102 16
1166 5048 1325 5119 ἔργον
1356 5050 1455 5119 τὴν
1482 5048 1590 5102 τῶν
1618 5050 1881 5121 ῥημάτων
1908 5047 2225 5120 βραχύτητα
2260 5066 2340 5118 μι-

656 5137 873 5210 μεῖσθα.
926 5135 1137 5209 νόμιζε’
1170 5139 1343 5191 εἰπεῖν
1391 5136 1492 5209 μέν
1524 5138 1632 5211 γὰρ
1661 5134 1834 5192 ταῦτα
1858 5139 1953 5191 καὶ
1974 5136 2339 5209 διηγήσασθαι

656 5226 859 5299 ῥᾴδιον,
923 5224 1127 5298 πρᾶξαι
1174 5226 1236 5304 ,δὲ
1285 5225 1471 5279 οὐκέτι
1505 5224 1706 5297 ὁμοίως
1750 5224 2009 5295 εὔπορον,
2065 5225 2200 5279 ἀλλὰ
2247 5224 2341 5279 καὶ

655 5313 866 5387 σφόδρα
904 5313 1163 5384 χαλεπόν.
1200 5313 1274 5367 T6
1307 5314 1406 5384 μὲν
1434 5308 1528 5368 οὖν
1566 5314 1667 5385 τῆς
1706 5310 1827 5368 ὀδοῦ
1876 5312 2049 5385 μῆκος
2086 5313 2182 5367 καὶ
2218 5313 2343 5366 ὅσον

654 5401 718 5455 16
750 5401 917 5473 μέσον
963 5402 1082 5459 ἐστὶ
1122 5401 1327 5456 τούτων
1362 5400 1475 5457 τῶν
1515 5401 1732 5474 χωρίων
1783 5401 1921 5472 μετά
1958 5400 2249 5473 ἀκριϐείας
2276 5398 2343 5453 ἀν

654 5490 861 5547 εἴποιεν
892 5489 1007 5545 ὅσοι
1034 5491 1170 5565 πρὸς
1192 5490 1338 5562 ἡμᾶς
1373 5488 1585 5547 ἐκεῖθεν
1616 5490 1896 5561 διέϐησαν,
1925 5491 1972 5543 εί
2000 5490 2065 5561 δή
2095 5490 2240 5551 τινές
2267 5490 2346 5541 εί-

720 5729 902 5796 ξροτὴ,
923 5730 1120 5796 λοιμοῦ,
1142 5731 1294 5796 savii.
1318 5736 1372 5796 el.
1405 5730 1577 5783 Morel.
1603 5730 1765 5795 λιμοῦ.

720 5793 751 5865 '3
772 5793 924 5865 ξενξέ-
950 5793 1161 5865 εξροὲρ-
1183 5794 1421 5865 λνετηρῶϊς

722 5857 745 5890 ⁸
775 5856 924 5909 Savil.
953 5862 1007 5908 el
1024 5854 1157 5911 Colb.
1196 5854 1362 5920 αὐτοῦ,
1389 5855 1507 5907 Mor.
1532 5855 1667 5905 αὐτὸ.

1407 355 1467 411 S.
1504 352 1791 411 JOANNIS
1826 352 2320 412 CHRYSOSTOMI
2362 354 2687 411 ARCHIEP.
2731 355 3053 412 NWSTA”

3114 354 3289 412 .NOP.
3986 351 4093 409 $58

2450 490 2459 499 ’
2573 474 2711 542 ὠιεῖηο
2745 478 2804 543 οξ
2834 483 2989 525 εκεσιιε
3018 490 3058 522 .I
3085 472 3187 542 μέν
3208 472 3403 537 οὐδενὶ,
3434 470 3544 526 τῶν
3575 471 3633 526 δὲ
3662 471 3744 536 είς
3772 470 3872 542 τὴν
3902 468 4092 533 ἐξωτέ-

2412 577 2515 633 ραι
2542 558 2726 630 χώραν
2756 561 3109 633 ,ἀφικομένων
3130 560 3515 632 συγγενόμενοι
3543 578 3671 623 τινι,
3703 560 3800 614 καὶ
3834 558 3927 613 τδν
3964 558 4099 632 χρό-

2419 628 2511 702 εονζ
2543 628 3140 719 αὐτὸνέρωτησαντες
3196 628 3322 702 ὅσον
3368 628 3687 721 τὸδοιπορεῖν
3747 628 4105 719 ἠναγκάσθη,

2408 726 2724 801 ἠκούσαμεν
2774 731 2857 784 ὅτι
2903 730 3197 803 τριάκοντα
3237 732 3400 785 πέντε
3449 734 3675 804 ἡμερῶν
3717 732 3971 803 ἀριθμόν
4004 732 4105 785 καὶ

2411 817 2708 873 Βαϐυλῶνα
2740 819 2839 889 μὲν
2875 819 2976 871 οὐκ
3001 819 3201 873 εἰδέναι
3231 819 3357 891 ἔφη,
3397 819 3508 873 τῶν
3540 819 3597 873 δέ
3632 822 3749 873 ἐκεῖ
3790 818 4106 889 γενομένων

2412 906 2728 977 ἀκηκοέναι,
2775 906 2857 961 ὅτι
2892 908 3055 979 ἐτέρα
3074 906 3313 978 τοσαύτη
3340 907 3504 961 πάλιν
3538 906 3749 961 ἐκεῖθέν
3784 908 3932 961 ἐστιν
3955 906 4101 970 ὁδός.

2413 994 2524 1049 Καὶ
2567 993 2628 1047 τὸ
2678 994 2777 1066 μὲν
2817 993 3091 1066 διάστημα
3132 994 3387 1049 τοσοῦτον
3434 995 3528 1049 καὶ
3568 995 3691 1049 τότε
3739 990 3829 1067 ἦν,
3873 994 3967 1048 καὶ
4006 994 4110 1047 νῦν

2412 1084 2580 1136 ἐστιν’
2610 1084 2643 1155 ἠ
2665 1082 2722 1137 δὲ
2754 1083 3071 1154 κατασκευὴ
3098 1081 3208 1135 τῶν
3229 1082 3365 1137 ὁδῶν
3386 1085 3487 1136 οὐκ
3514 1082 3591 1137 ἔθ’
3612 1084 3816 1154 ὁμοίως
3844 1082 3922 1147 ὡς
3947 1080 3976 1121 ἀ
4011 1084 4109 1136 καὶ

2412 1169 2509 1225 νῦν
2534 1170 2627 1224 καὶ
2656 1170 2777 1224 τότε
2800 1170 3090 1225 διάκειται.
3130 1170 3245 1227 Νῦν
3277 1171 3376 1243 μὲν
3408 1171 3518 1243 γάρ
3551 1174 3647 1226 καὶ
3670 1160 3935 1240 σταθμοῖς
3964 1169 4107 1224 διείο

2413 1256 2616 1329 ληπται
2648 1257 2898 1328 συνεχέσι
2944 1256 3039 1313 καὶ
3074 1256 3259 1312 πόλεσι
3293 1262 3389 1311 καὶ
3419 1259 3632 1330 ἀγροῖς,
3666 1259 3763 1312 καὶ
3798 1257 4111 1330 ὁδοιπόροις

2412 1343 2471 1399 δέ
2504 1344 2735 1416 βαδίζων
2775 1346 2841 1401 ἄν
2880 1362 2965 1410 τις
3010 1345 3225 1417 ἐντύχοι
3269 1346 3508 1411 πολλοῖς,
3542 1348 3683 1418 ὅπερ
3722 1346 3819 1400 καὶ
3852 1344 4111 1417 σταθμοῦ

2415 1433 2512 1487 καὶ
2562 1431 2771 1496 πόλεως
2822 1434 2920 1487 καὶ
2953 1432 3125 1505 ἀγροῦ
3162 1433 3262 1504 οὐχ
3303 1426 3466 1506 ἦττον
3505 1435 3587 1498 είς
3613 1432 3917 1502 ἀσφαλείας
3944 1431 4113 1501 λόγον

2415 1513 2552 1570 ἐστί.
2578 1514 2723 1585 Πρὸς
2750 1515 2808 1569 δὲ
2836 1515 3045 1581 τούτοις
3076 1516 3169 1570 καὶ
3196 1517 3305 1571 ἀπὺ
3328 1520 3431 1589 τῆς
3458 1515 3642 1589 χώρας
3672 1518 3723 1570 bl
3749 1515 3860 1569 τῶν
3891 1516 4113 1571 πόλεων

2415 1592 2675 1675 ἄρχοντες
2717 1603 2918 1676 ἄνδρας
2952 1605 3048 1659 καὶ
3080 1603 3241 1677 ῥώμῃ
3275 1603 3531 1675 σώματος
3568 1604 3680 1658 τῶν
3704 1604 3882 1660 ἀλλων
3913 1603 4114 1673 διαφέ-

2419 1708 2612 1764 ροντας
2651 1692 2746 1746 καὶ
2786 1692 3021 1764 ἀκοντίῳ
3055 1692 3153 1747 καὶ
3183 1691 3445 1765 σφενδόνῃ
3487 1690 3742 1746 τοσοῦτον
3769 1690 4117 1763 δυναμένους

2420 1775 2631 1852 ἀρκεῖν,
2664 1782 2790 1836 ὅσον
2828 1782 2943 1847 τοῖς
2981 1780 3164 1853 βέλεσι
3212 1781 3313 1853 μὲν
3358 1782 3408 1834 οί
3438 1779 3672 1847 τοξόται,
3710 1782 3761 1835 οί
3797 1779 3855 1834 δέ
3885 1779 4117 1834 ὁπλῖται

2416 1871 2534 1935 τοῖς
2570 1869 2780 1943 δόρασι,
2816 1870 3042 1935 τούτους
3081 1869 3463 1936 συντάξαντες,
3499 1870 3595 1924 καὶ
3622 1871 3892 1942 ἄρχοντας
3921 1869 4119 1934 αὐτοῖς

2419 1955 2835 2027 ἐπιστήσαντες,
2895 1957 2977 2021 είς
3042 1955 3196 2011 οὐδὲν
3244 1955 3433 2027 ἕτερον
3491 1954 3915 2026 ἀπησχόλησαν,
3969 1952 4119 2009 ἀλλὰ

2425 2043 2585 2114 μόνον
2621 2043 2721 2115 τὴν
2747 2042 2857 2097 τῶν
2891 2043 3026 2098 ὁδῶν
3054 2041 3360 2114 ἐπέτρεψαν
3392 2043 3660 2113 φυλακήν.
3703 2041 3859 2095 Μετὰ
3896 2038 3957 2095 δέ
3986 2039 4121 2094 τού-

2420 2148 2530 2185 των
2561 2132 2656 2184 καὶ
2692 2131 2886 2204 ἑτέραν
2923 2132 3083 2187 πάλιν
3113 2130 3319 2203 τούτων
3354 2130 3758 2202 ἀκριϐεστέραν
3803 2128 4119 2198 ἀσφάλειαν

2422 2219 2739 2289 ἐπενόησαν.
2782 2219 3073 2290 υίκήματα
3116 2216 3225 2289 γάρ
3267 2217 3411 2271 κατά
3456 2217 3643 2289 χιλίων
3696 2216 3958 2288 βημάτων
3995 2217 4123 2270 διάη

2424 2322 2607 2376 στημα
2645 2306 2961 2376 δειμάμενοι
3001 2304 3154 2375 παρὰ
3190 2306 3289 2375 τὴν
3325 2305 3467 2367 ὁδὸν,
3524 2306 3873 2376 νυκτερινοὺς
3923 2304 4121 2369 αὐτοῖς

2422 2393 2834 2464 ἐγκατέστησαν
2870 2393 3139 2463 φύλακας,
3172 2394 3271 2463 τὴν
3307 2394 3531 2446 ἐκείνων
3556 2392 3867 2464 ἀγρυπνίαν
3890 2392 3986 2444 καὶ
4014 2394 4124 2463 τὴν

2426 2478 2620 2550 σχολὴν
2656 2479 2911 2550 μέγιστον
2952 2478 3184 2549 κώλυμα
3221 2482 3333 2542 τοῖς
3368 2479 3478 2533 τῶν
3525 2478 3855 2551 κακούργων
3898 2478 4125 2547 ἐφόδοις

2424 2566 2874 2636 ἐπιτειχίσαντες.
2906 2566 3040 2619 Τότε
3066 2566 3122 2619 δὲ
3157 2566 3310 2619 οὐδὲν
3337 2566 3543 2620 τούτων
3564 2562 3655 2639 ἦν,
3681 2566 3781 2620 οὐκ
3808 2566 3972 2637 ἀγροὶ
3998 2582 4127 2620 συν-

2426 2657 2593 2727 εχεῖς,
2619 2655 2681 2708 οὐ
2718 2654 2921 2719 πόλεις,
2954 2655 3016 2708 οὐ
3049 2654 3302 2725 σταθμοὶ,
3334 2656 3395 2708 οὐ
3421 2654 3787 2723 καταγώγιον,
3817 2654 3879 2707 οὐ
3899 2653 3964 2707 16
3995 2671 4121 2708 συνο

2426 2742 2709 2815 οδοιπόρον
2758 2744 2971 2813 ταχέως
3010 2742 3157 2802 ίδεῖν,
3192 2742 3292 2796 οὐκ
3321 2741 3449 2796 ἀλλο
3477 2760 3529 2795 τι
3564 2742 3771 2796 τούτων
3801 2741 3977 2795 οὐδέν’
4018 2743 4126 2815 τὴν

2424 2828 2534 2901 γάρ
2563 2830 2661 2900 τῆς
2686 2829 2936 2901 ἀτραποῦ
2986 2828 3303 2901 τραχύτητα
3334 2830 3428 2883 καὶ
3473 2830 3572 2899 τὴν
3608 2829 3718 2882 τῶν
3784 2829 3967 2899 ἀέρων
4021 2831 4125 2883 ἀν-

2430 2915 2683 2987 ωμαλίαν
2702 2916 2942 2988 παρίημι
2958 2915 3075 2981 νῦν,
3109 2916 3285 2970 καίτοι
3306 2932 3369 2985 γε
3399 2916 3581 2980 ἱκανὰ,
3607 2914 3833 2969 ἐκείνων
3852 2915 3928 2987 μὴ
3949 2932 4129 2988 προσ-

2426 3004 2598 3058 όντων
2624 3015 2668 3071 ε,
2698 3003 2940 3075 λυπῆσαι
2973 3004 3100 3067 τοὺς
3137 3002 3552 3075 ὁδοιποροῦντας
3584 3004 3803 3067 ἱκανῶς.
3842 3004 3954 3057 Καὶ
3987 3021 4130 3075 μαρ-

2426 3095 2725 3167 τυρήσαιεν
2767 3092 2832 3147 ἀν
2863 3109 2954 3163 μοι
2989 3094 3039 3145 οί
3086 3092 3307 3160 ζεύγεσι
3338 3092 3430 3145 καὶ
3472 3092 3787 3160 ὑποζυγίοις
3820 3092 4126 3166 χρώμενοι,

2428 3182 2523 3235 καὶ
2555 3180 2691 3251 μηδὲ
2720 3178 2865 3233 οὕτω
2884 3179 2983 3250 τῆς
3013 3180 3279 3250 συνήθους
3305 3179 3607 3251 ἐπιϐαίνειν
3638 3180 3947 3251 τολμῶντες
3973 3179 4126 3244 ὁδοῦ,

2427 3268 2477 3321 εί
2504 3267 2579 3339 μὴ
2605 3266 2870 3339 πρότερον
2889 3266 3061 3337 αὐτὴν
3093 3266 3405 3339 στορέσαιεν
3427 3267 3617 3332 λίθοις,
3645 3268 3740 3321 καὶ
3762 3267 3861 3330 16;
3881 3266 3995 3320 ἀπὸ
4014 3268 4129 3321 τῶν

2430 3355 2579 3429 [190]
2622 3357 2841 3428 ῥυάκων
2872 3355 3155 3426 χαράδρας
3189 3355 3689 3429 ἀναπληρώσαντες
3738 3355 3989 3409 ίσόπεδον
4032 3355 4131 3410 οῦ-

2428 3461 2535 3508 τως
2574 3444 2921 3515 ἐργάσαιντο.
2962 3443 3097 3496 Τότε
3134 3443 3191 3496 δὲ
3231 3444 3541 3515 ἐρηματέρα
3579 3445 3675 3513 μὲν
3708 3443 3816 3497 τῶν
3844 3444 4129 3515 ἀοικήτων

2425 3526 2516 3603 ἦν,
2544 3530 2874 3603 ἀπορωτέρα
2900 3530 2957 3584 δέ
2980 3530 3088 3584 τῶν
3114 3530 3278 3603 ὀρῶν,
3309 3531 3701 3603 σφαλερωτέρα
3728 3531 3785 3585 δέ
3812 3531 3920 3584 τῶν
3951 3532 4131 3605 βαράο

2429 3622 2577 3693 θρων
2602 3622 2695 3675 καὶ
2721 3621 2831 3675 τῶν
2853 3621 3137 3693 κρημνῶν.
3166 3620 3279 3675 Καὶ
3307 3621 3367 3674 16
3396 3622 3616 3676 πάντων
3647 3621 3703 3674 δὲ
3734 3620 4131 3693 χαλεπώτερον

2428 3712 2530 3765 οὐκ
2578 3706 2752 3771 εἷπον,
2786 3709 2902 3775 πῶς
2946 3709 3014 3762 16
3052 3710 3151 3780 τῆς
3192 3709 3474 3781 ἐπιμιξίας
3514 3709 3766 3775 διέκειτο,
3820 3710 3846 3763 6
3891 3711 3984 3763 καὶ
4020 3710 4130 3781 τῆς

2430 3800 2551 3855 ὀδοῦ
2618 3798 2797 3870 πολλῷ
2837 3798 3057 3851 πλείονα
3120 3797 3215 3851 καὶ
3276 3798 3499 3869 μείζονα
3552 3802 3781 3872 παρεῖχε
3817 3797 4133 3869 πράγματα

2432 3890 2639 3951 αὐτοῖς,
2674 3886 2817 3941 κατά
2845 3886 2996 3958 ἔθνη,
3036 3887 3241 3958 μᾶλλον
3282 3886 3339 3939 δὲ
3371 3886 3517 3940 κατά
3556 3887 3711 3939 πόλιν
3748 3886 4007 3941 ἁπάντων
4048 3887 4135 3940 δι·-

2431 3976 2747 4049 ῃρημένων.
2780 3976 2855 4029 Οὐ
2890 3976 2997 4047 γὰρ
3028 3975 3219 4045 ῶσπερ
3257 3974 3354 4028 νῦν
3404 3976 3502 4045 μία
3538 3974 3683 4046 ἀρχὴ
3713 3975 3854 4029 κατά
3880 3974 3943 4027 16
3972 3974 4132 4028 πλεῖ-

2434 4081 2558 4117 στον
2587 4064 2684 4134 τῆς
2709 4062 3038 4133 οἰκουμένης
3062 4062 3285 4116 τέταται
3319 4063 3504 4134 μέρος,
3531 4064 3626 4116 καὶ
3658 4064 3739 4115 ἐνὶ
3768 4063 3971 4126 πάντες
4001 4063 4133 4117 δου-

2432 4150 2681 4217 λεύουσιν
2724 4151 3023 4223 ἀνθρώπῳ,
3057 4152 3151 4204 καὶ
3190 4154 3302 4215 τοῖς
3337 4151 3515 4215 αὐτοῖς
3548 4149 3878 4205 διοικοῦνται
3916 4151 4131 4221 νόμοις,

2434 4241 2593 4309 οὕτω,
2614 4242 2707 4293 καὶ
2734 4241 2855 4293 τότε
2889 4234 2978 4310 ἦν·
3007 4239 3121 4293 ἀλλ’
3152 4238 3342 4309 ῶσπερ
3376 4238 3535 4309 σῶμα
3570 4238 3627 4291 ἓν
3662 4240 3743 4300 είς
3772 4238 3951 4292 πολλά
3981 4239 4134 4311 μέρη

2436 4346 2561 4383 κατε
2590 4329 2807 4399 μηθὲν,
2839 4328 2981 4380 οῦτω
3008 4328 3100 4381 καὶ
3132 4327 3194 4379 16
3227 4326 3334 4379 τῶν
3360 4326 3661 4397 ἀνθρώπων
3694 4326 3991 4379 διέσπαστο
4032 4328 4132 4397 γέ-

2435 4392 2713 4482 νος,καὶ’
2750 4415 3046 4487 πολεμίους
3092 4415 3158 4468 ἐκ
3213 4414 3489 4486 πολεμίων
3537 4414 3789 4483 ἀμείϐειν
3837 4417 3865 4468 ὀ
3920 4416 4136 4481 δίκαιος

2418 4507 2798 4591 ἠναγκάζετο,
2833 4505 2964 4577 πρὶν
3003 4505 3036 4575 ἢ
3075 4504 3202 4566 τοὺς
3237 4504 3538 4579 προτέρους
3572 4502 3875 4575 διαφυγεῖν,
3919 4504 4135 4574 ἑτέροις

2439 4580 2728 4666 ἐμπίπτων
2765 4594 2876 4657 ἀεὶ,
2907 4594 2981 4664 πὴ
3016 4593 3115 4664 μὲν
3142 4592 3499 4663 πολυαρχίας,
3538 4592 3614 4663 πὴ
3657 4593 3714 4646 δὲ
3744 4594 4009 4663 ἀναρχίας
4040 4594 4139 4648 οὐ·

2441 4703 2561 4755 σης.
2597 4684 2662 4736 Τί
2700 4678 2795 4737 οὖν
2826 4681 3032 4752 ταύτης
3058 4679 3439 4751 χαλεπώτερον
3480 4681 3581 4751 τῆς
3625 4679 3803 4750 ζωῆςς
3840 4681 3978 4736 Οὐδὲ
4020 4682 4138 4754 γάρ

2442 4773 2583 4844 ὐπέρ
2615 4769 2812 4825 ἐαυτοῦ
2841 4770 3001 4841 μόνον
3026 4768 3283 4822 ἐδεδοίκει
3306 4768 3401 4821 καὶ
3420 4767 3670 4841 ἔτρεμεν,
3702 4769 3836 4823 ἀλλά
3867 4771 3961 4822 καὶ
3988 4771 4142 4843 ὑπὲρ

2442 4859 2648 4931 πατρὸς
2681 4859 2777 4912 καὶ
2803 4856 3061 4926 γυναικὸς
3088 4856 3184 4911 καὶ
3212 4856 3352 4928 ὑπὲρ
3384 4856 3685 4926 ἀδελφιδοῦ.
3716 4852 3825 4910 Ἦν
3854 4856 3911 4910 δὲ
3943 4858 4067 4912 οὐδέ
4098 4863 4134 4931 ὴ

2440 4948 2550 5005 τῶν
2590 4946 2817 5002 οἰκετῶν
2859 4945 3081 5017 φροντὶς
3139 4944 3332 5016 μικρά,
3383 4946 3431 4996 εἰ
3477 4944 3571 4997 καὶ
3630 4944 3725 4997 ἐπὶ
3779 4947 3878 5015 τῆς
3924 4945 4141 5010 οἰκείας

2444 5037 2738 5107 ἐτύγχανον
2783 5033 2957 5098 ὅντες,
3010 5031 3085 5104 μὴ
3139 5032 3222 5085 δτι
3268 5049 3331 5100 γε
3376 5032 3464 5085 ὅτε
3525 5031 3619 5085 ἐπὶ
3671 5032 3772 5103 τῆς
3819 5033 4134 5105 ἀλλοτρίας,

2443 5124 2817 5197 ἠναγκάζοντο
2866 5117 3006 5177 εἶναι
3048 5122 3362 5185 διαπαντός.
3408 5122 3518 5174 Καὶ
3566 5122 3615 5174 εί
3658 5122 3756 5192 μὲν
3784 5121 3903 5192 ᾔδει
3943 5123 4141 5193 σαφῶς

2443 5214 2615 5270 δπουί
2657 5215 2914 5285 στήσεται
2953 5211 3024 5266 τά
3058 5211 3159 5283 τῆς
3189 5211 3398 5281 πλάνης
3427 5208 3597 5280 αὐτῷ,
3628 5210 3730 5265 οὐκ
3771 5205 3840 5281 ἦν
3884 5208 4031 5264 οῦτω
4074 5212 4143 5266 16

2444 5304 2554 5359 τῶν
2589 5292 2888 5376 φροντίδων
2914 5300 3210 5372 ἀφόρητον·
3246 5298 3344 5353 νῦν
3374 5299 3432 5353 δὲ
3463 5299 3652 5364 ἁπλῶς
3692 5300 3786 5354 καὶ
3814 5298 4141 5371 ἀδιορίστως

2446 5391 2686 5455 ἀκούσας
2712 5389 2868 5459 Γῆν,
2892 5388 2956 5443 οὐ
2978 5386 3193 5459 τήνδεῆ
3219 5385 3398 5459 τήνδε,
3428 5386 3565 5451 ἀλλ’,
3588 5389 3696 5443 Ἦν
3716 5388 3795 5441 ἄν
3814 5404 3911 5442 σοι
3937 5386 4141 5455 δείξω,

2511 5668 2536 5708 ιι
2564 5669 2648 5724 Ὣς
2669 5669 2816 5715 deest
2840 5665 2890 5714 in
2917 5665 3071 5716 Ξενία.
3100 5671 3154 5714 et
3174 5665 3310 5715 Colo.

2521 5733 2541 5755 '
2578 5731 2749 5797 619191.
2774 5728 2931 5797 καίτοι
2948 5745 3005 5797 γε
3026 5728 3179 5797 ικανάλ
3193 5728 3386 5797 ἐκείνων
3412 5726 3476 5788 μὴ
3500 5725 3730 5797 πρρσκῐη
3751 5724 3891 5797 C_oll_).
3914 5727 4141 5797 et_SuiL

2451 5794 2592 5844 ἱκανά
2614 5792 2774 5839 decsl.
2808 5789 2928 5853 Mox,
2946 5790 3096 5839 Savil.
3128 5789 3491 5853 ὁδοιποροῦντας
3521 5790 3618 5837 τῶν
3652 5790 3833 5839 λοιπῶν
3852 5789 4048 5843 ἱκανῶν.

2520 5855 2537 5895 ί
2566 5854 2700 5907 Coll).
2728 5861 2779 5903 ct
2801 5852 2952 5903 Savil.
2982 5854 3111 5915 ὁποι,
3136 5851 3311 5902 Morel.
3336 5852 3479 5900 ὅπου.
