  <div class='ocr_page' id='page_1' title='image "/cluster/home/n/w/nwhite01/storage/ocr_20150623/47/pst.000005712441/420.png"; bbox 0 0 4264 6312; ppageno 0'>
   <div class='ocr_carea' id='block_1_1' title="bbox 195 412 300 468">
    <p class='ocr_par' dir='ltr' id='par_1_1' title="bbox 195 412 300 468">
     <span class='ocr_line' id='line_1_1' title="bbox 195 412 300 468; baseline -0.019 0"><span class='ocrx_word' id='word_1_1' title='bbox 195 412 300 468; x_wconf 68' lang='grc'><strong>457</strong></span> 
     </span>
    </p>
   </div>
   <div class='ocr_carea' id='block_1_2' title="bbox 193 499 1794 598">
    <p class='ocr_par' dir='ltr' id='par_1_2' title="bbox 193 499 1794 598">
     <span class='ocr_line' id='line_1_2' title="bbox 193 499 1794 598; baseline -0.007 -18"><span class='ocrx_word' id='word_1_2' title='bbox 193 540 330 583; x_wconf 87' lang='lat' dir='ltr'><strong>vero</strong></span> <span class='ocrx_word' id='word_1_3' title='bbox 354 524 422 581; x_wconf 81' lang='lat' dir='ltr'><strong>ad</strong></span> <span class='ocrx_word' id='word_1_4' title='bbox 451 531 735 580; x_wconf 76' lang='lat' dir='ltr'><strong>sexcentos</strong></span> <span class='ocrx_word' id='word_1_5' title='bbox 757 535 927 577; x_wconf 91' lang='lat' dir='ltr'><strong>annos</strong></span> <span class='ocrx_word' id='word_1_6' title='bbox 954 529 1009 576; x_wconf 93' lang='lat' dir='ltr'><strong>et</strong></span> <span class='ocrx_word' id='word_1_7' title='bbox 1035 505 1434 598; x_wconf 53' lang='lat' dir='ltr'><strong>ultra‘l’ﬁmana</strong></span> <span class='ocrx_word' id='word_1_8' title='bbox 1459 499 1564 598; x_wconf 68' lang='lat' dir='ltr'><strong>vita</strong></span> <span class='ocrx_word' id='word_1_9' title='bbox 1594 499 1677 598; x_wconf 53' lang='lat'><strong>9.1,,</strong></span> 
     </span>
    </p>
   </div>
   <div class='ocr_carea' id='block_1_3' title="bbox 194 589 1801 697">
    <p class='ocr_par' dir='ltr' id='par_1_3' title="bbox 194 589 1801 697">
     <span class='ocr_line' id='line_1_3' title="bbox 194 589 1801 697; baseline -0.012 -20"><span class='ocrx_word' id='word_1_10' title='bbox 194 619 378 691; x_wconf 79' lang='lat' dir='ltr'><strong>gebat.</strong></span> <span class='ocrx_word' id='word_1_11' title='bbox 418 617 490 674; x_wconf 87' lang='lat' dir='ltr'><strong>Ut</strong></span> <span class='ocrx_word' id='word_1_12' title='bbox 527 618 685 687; x_wconf 90' lang='lat' dir='ltr'><strong>igitur</strong></span> <span class='ocrx_word' id='word_1_13' title='bbox 729 616 832 670; x_wconf 89' lang='lat' dir='ltr'><strong>alia</strong></span> <span class='ocrx_word' id='word_1_14' title='bbox 873 615 1140 678; x_wconf 87' lang='lat' dir='ltr'><strong>omittam,</strong></span> <span class='ocrx_word' id='word_1_15' title='bbox 1187 589 1574 684; x_wconf 39' lang='lat' dir='ltr'><strong>quot’neg‘ﬁa</strong></span> <span class='ocrx_word' id='word_1_16' title='bbox 1607 589 1801 697; x_wconf 49' lang='lat' dir='ltr'><strong>subici</strong></span> 
     </span>
    </p>
   </div>
   <div class='ocr_carea' id='block_1_4' title="bbox 194 699 1793 782">
    <p class='ocr_par' dir='ltr' id='par_1_4' title="bbox 194 699 1793 782">
     <span class='ocr_line' id='line_1_4' title="bbox 194 699 1793 782; baseline -0.009 -15"><span class='ocrx_word' id='word_1_17' title='bbox 194 709 492 782; x_wconf 76' lang='lat' dir='ltr'><strong>cogebatur</strong></span> <span class='ocrx_word' id='word_1_18' title='bbox 521 709 611 779; x_wconf 92' lang='lat' dir='ltr'><strong>qui</strong></span> <span class='ocrx_word' id='word_1_19' title='bbox 652 707 787 762; x_wconf 92' lang='lat' dir='ltr'><strong>adeo</strong></span> <span class='ocrx_word' id='word_1_20' title='bbox 815 706 1079 778; x_wconf 80' lang='lat' dir='ltr'><strong>prolixum</strong></span> <span class='ocrx_word' id='word_1_21' title='bbox 1111 705 1212 760; x_wconf 91' lang='lat' dir='ltr'><strong>iter</strong></span> <span class='ocrx_word' id='word_1_22' title='bbox 1237 702 1486 775; x_wconf 88' lang='lat' dir='ltr'><strong>gradiens</strong></span> <span class='ocrx_word' id='word_1_23' title='bbox 1513 699 1793 762; x_wconf 87' lang='lat' dir='ltr'><strong>currebat,</strong></span> 
     </span>
    </p>
   </div>
   <div class='ocr_carea' id='block_1_5' title="bbox 195 788 1798 863">
    <p class='ocr_par' dir='ltr' id='par_1_5' title="bbox 195 788 1798 863">
     <span class='ocr_line' id='line_1_5' title="bbox 195 788 1798 863; baseline -0.008 -5"><span class='ocrx_word' id='word_1_24' title='bbox 195 818 265 859; x_wconf 84' lang='lat' dir='ltr'><strong>ac</strong></span> <span class='ocrx_word' id='word_1_25' title='bbox 289 803 495 857; x_wconf 89' lang='lat' dir='ltr'><strong>viribus</strong></span> <span class='ocrx_word' id='word_1_26' title='bbox 523 801 652 856; x_wconf 90' lang='lat' dir='ltr'><strong>totis</strong></span> <span class='ocrx_word' id='word_1_27' title='bbox 680 798 992 855; x_wconf 74' lang='lat' dir='ltr'><strong>intendebat</strong></span> <span class='ocrx_word' id='word_1_28' title='bbox 1033 797 1088 852; x_wconf 90' lang='lat' dir='ltr'><strong>in</strong></span> <span class='ocrx_word' id='word_1_29' title='bbox 1128 806 1273 852; x_wconf 88' lang='lat' dir='ltr'><strong>tanta</strong></span> <span class='ocrx_word' id='word_1_30' title='bbox 1324 795 1426 849; x_wconf 71' lang='lat' dir='ltr'><strong>via:</strong></span> <span class='ocrx_word' id='word_1_31' title='bbox 1468 788 1798 863; x_wconf 76' lang='lat' dir='ltr'><strong>longitudine</strong></span> 
     </span>
    </p>
   </div>
   <div class='ocr_carea' id='block_1_6' title="bbox 199 879 1797 965">
    <p class='ocr_par' dir='ltr' id='par_1_6' title="bbox 199 879 1797 965">
     <span class='ocr_line' id='line_1_6' title="bbox 199 879 1797 965; baseline -0.009 -15"><span class='ocrx_word' id='word_1_32' title='bbox 199 910 270 950; x_wconf 90' lang='lat' dir='ltr'><strong>ne</strong></span> <span class='ocrx_word' id='word_1_33' title='bbox 299 908 484 965; x_wconf 86' lang='lat' dir='ltr'><strong>parum</strong></span> <span class='ocrx_word' id='word_1_34' title='bbox 515 879 732 963; x_wconf 88' lang='lat' dir='ltr'><strong>quidem</strong></span> <span class='ocrx_word' id='word_1_35' title='bbox 758 891 1046 956; x_wconf 80' lang='lat' dir='ltr'><strong>divertere,</strong></span> <span class='ocrx_word' id='word_1_36' title='bbox 1075 904 1196 944; x_wconf 92' lang='lat' dir='ltr'><strong>cum</strong></span> <span class='ocrx_word' id='word_1_37' title='bbox 1220 887 1448 956; x_wconf 88' lang='lat' dir='ltr'><strong>plurima</strong></span> <span class='ocrx_word' id='word_1_38' title='bbox 1470 893 1649 940; x_wconf 86' lang='lat' dir='ltr'><strong>essent</strong></span> <span class='ocrx_word' id='word_1_39' title='bbox 1677 898 1797 953; x_wconf 69' lang='lat' dir='ltr'><strong>quas</strong></span> 
     </span>
    </p>
   </div>
   <div class='ocr_carea' id='block_1_7' title="bbox 199 979 1800 1055">
    <p class='ocr_par' dir='ltr' id='par_1_7' title="bbox 199 979 1800 1055">
     <span class='ocr_line' id='line_1_7' title="bbox 199 979 1800 1055; baseline -0.006 -17"><span class='ocrx_word' id='word_1_40' title='bbox 199 983 583 1055; x_wconf 71' lang='lat' dir='ltr'><strong>prohiberent?</strong></span> <span class='ocrx_word' id='word_1_41' title='bbox 610 983 677 1037; x_wconf 86' lang='lat' dir='ltr'><strong>Et</strong></span> <span class='ocrx_word' id='word_1_42' title='bbox 700 982 826 1052; x_wconf 93' lang='lat' dir='ltr'><strong>quid</strong></span> <span class='ocrx_word' id='word_1_43' title='bbox 854 981 978 1036; x_wconf 89' lang='lat' dir='ltr'><strong>dico</strong></span> <span class='ocrx_word' id='word_1_44' title='bbox 1007 979 1258 1051; x_wconf 89' lang='lat' dir='ltr'><strong>plurima,</strong></span> <span class='ocrx_word' id='word_1_45' title='bbox 1290 992 1411 1032; x_wconf 91' lang='lat' dir='ltr'><strong>cum</strong></span> <span class='ocrx_word' id='word_1_46' title='bbox 1439 984 1548 1031; x_wconf 89' lang='lat' dir='ltr'><strong>tota</strong></span> <span class='ocrx_word' id='word_1_47' title='bbox 1573 987 1800 1045; x_wconf 85' lang='lat' dir='ltr'><strong>prorsus</strong></span> 
     </span>
    </p>
   </div>
   <div class='ocr_carea' id='block_1_8' title="bbox 196 1065 1796 1138">
    <p class='ocr_par' dir='ltr' id='par_1_8' title="bbox 196 1065 1796 1138">
     <span class='ocr_line' id='line_1_8' title="bbox 196 1065 1796 1138; baseline -0.008 -9"><span class='ocrx_word' id='word_1_48' title='bbox 196 1076 311 1130; x_wconf 83' lang='lat' dir='ltr'><strong>vita</strong></span> <span class='ocrx_word' id='word_1_49' title='bbox 349 1090 381 1129; x_wconf 92' lang='lat' dir='ltr'><strong>a</strong></span> <span class='ocrx_word' id='word_1_50' title='bbox 413 1075 606 1131; x_wconf 83' lang='lat' dir='ltr'><strong>finibus</strong></span> <span class='ocrx_word' id='word_1_51' title='bbox 644 1073 710 1128; x_wconf 90' lang='lat' dir='ltr'><strong>ad</strong></span> <span class='ocrx_word' id='word_1_52' title='bbox 751 1072 884 1127; x_wconf 81' lang='lat' dir='ltr'><strong>lines</strong></span> <span class='ocrx_word' id='word_1_53' title='bbox 931 1081 1087 1127; x_wconf 77' lang='lat' dir='ltr'><strong>terra:</strong></span> <span class='ocrx_word' id='word_1_54' title='bbox 1129 1079 1274 1124; x_wconf 84' lang='lat' dir='ltr'><strong>esset</strong></span> <span class='ocrx_word' id='word_1_55' title='bbox 1317 1065 1655 1138; x_wconf 88' lang='lat' dir='ltr'><strong>hujusmodi,</strong></span> <span class='ocrx_word' id='word_1_56' title='bbox 1688 1073 1796 1118; x_wconf 93' lang='lat' dir='ltr'><strong>tota</strong></span> 
     </span>
    </p>
   </div>
   <div class='ocr_carea' id='block_1_9' title="bbox 197 1155 1800 1236">
    <p class='ocr_par' dir='ltr' id='par_1_9' title="bbox 197 1155 1800 1236">
     <span class='ocr_line' id='line_1_9' title="bbox 197 1155 1800 1236; baseline -0.008 -14"><span class='ocrx_word' id='word_1_57' title='bbox 197 1166 476 1236; x_wconf 84' lang='lat' dir='ltr'><strong>seopulls,</strong></span> <span class='ocrx_word' id='word_1_58' title='bbox 505 1165 777 1229; x_wconf 87' lang='lat' dir='ltr'><strong>sentibus,</strong></span> <span class='ocrx_word' id='word_1_59' title='bbox 811 1163 1030 1228; x_wconf 89' lang='lat' dir='ltr'><strong>belluis,</strong></span> <span class='ocrx_word' id='word_1_60' title='bbox 1097 1155 1379 1232; x_wconf 82' lang='lat' dir='ltr'><strong>squalore,</strong></span> <span class='ocrx_word' id='word_1_61' title='bbox 1435 1167 1585 1229; x_wconf 87' lang='lat' dir='ltr'><strong>peste</strong></span> <span class='ocrx_word' id='word_1_62' title='bbox 1613 1157 1629 1188; x_wconf 85' lang='grc'>¹</span> <span class='ocrx_word' id='word_1_63' title='bbox 1657 1197 1672 1222; x_wconf 85' lang='grc'><em>,</em></span> <span class='ocrx_word' id='word_1_64' title='bbox 1721 1156 1800 1210; x_wconf 87' lang='lat' dir='ltr'><strong>al-</strong></span> 
     </span>
    </p>
   </div>
   <div class='ocr_carea' id='block_1_10' title="bbox 199 1248 1794 1328">
    <p class='ocr_par' dir='ltr' id='par_1_10' title="bbox 199 1248 1794 1328">
     <span class='ocr_line' id='line_1_10' title="bbox 199 1248 1794 1328; baseline -0.006 -18"><span class='ocrx_word' id='word_1_65' title='bbox 199 1273 356 1328; x_wconf 88' lang='lat' dir='ltr'><strong>gore,</strong></span> <span class='ocrx_word' id='word_1_66' title='bbox 389 1257 756 1327; x_wconf 79' lang='lat' dir='ltr'><strong>maleﬁcisque</strong></span> <span class='ocrx_word' id='word_1_67' title='bbox 784 1258 973 1325; x_wconf 82' lang='lat' dir='ltr'><strong>plena?</strong></span> <span class='ocrx_word' id='word_1_68' title='bbox 994 1253 1254 1324; x_wconf 88' lang='lat' dir='ltr'><strong>Equidem</strong></span> <span class='ocrx_word' id='word_1_69' title='bbox 1288 1250 1494 1307; x_wconf 76' lang='lat' dir='ltr'><strong>facilius</strong></span> <span class='ocrx_word' id='word_1_70' title='bbox 1520 1248 1794 1305; x_wconf 77' lang='lat' dir='ltr'><strong>existima-</strong></span> 
     </span>
    </p>
   </div>
   <div class='ocr_carea' id='block_1_11' title="bbox 201 1332 1800 1418">
    <p class='ocr_par' dir='ltr' id='par_1_11' title="bbox 201 1332 1800 1418">
     <span class='ocr_line' id='line_1_11' title="bbox 201 1332 1800 1418; baseline -0.004 -17"><span class='ocrx_word' id='word_1_71' title='bbox 201 1348 376 1403; x_wconf 89' lang='lat' dir='ltr'><strong>verim</strong></span> <span class='ocrx_word' id='word_1_72' title='bbox 419 1348 853 1418; x_wconf 73' lang='lat' dir='ltr'><strong>augustissimam</strong></span> <span class='ocrx_word' id='word_1_73' title='bbox 893 1345 1139 1401; x_wconf 82' lang='lat' dir='ltr'><strong>semitam</strong></span> <span class='ocrx_word' id='word_1_74' title='bbox 1181 1332 1596 1416; x_wconf 73' lang='lat' dir='ltr'><strong>profundissima</strong></span> <span class='ocrx_word' id='word_1_75' title='bbox 1641 1345 1800 1394; x_wconf 83' lang='lat' dir='ltr'><strong>nocte</strong></span> 
     </span>
    </p>
   </div>
   <div class='ocr_carea' id='block_1_12' title="bbox 197 1427 1800 1509">
    <p class='ocr_par' dir='ltr' id='par_1_12' title="bbox 197 1427 1800 1509">
     <span class='ocr_line' id='line_1_12' title="bbox 197 1427 1800 1509; baseline -0.007 -14"><span class='ocrx_word' id='word_1_76' title='bbox 197 1454 420 1509; x_wconf 77' lang='lat' dir='ltr'><strong>semper</strong></span> <span class='ocrx_word' id='word_1_77' title='bbox 473 1437 722 1497; x_wconf 88' lang='lat' dir='ltr'><strong>incedere</strong></span> <span class='ocrx_word' id='word_1_78' title='bbox 749 1478 766 1505; x_wconf 93' lang='lat'><strong>,</strong></span> <span class='ocrx_word' id='word_1_79' title='bbox 831 1451 991 1508; x_wconf 91' lang='lat' dir='ltr'><strong>quam</strong></span> <span class='ocrx_word' id='word_1_80' title='bbox 1047 1435 1154 1490; x_wconf 83' lang='lat' dir='ltr'><strong>illis</strong></span> <span class='ocrx_word' id='word_1_81' title='bbox 1203 1431 1536 1503; x_wconf 85' lang='lat' dir='ltr'><strong>temporibus</strong></span> <span class='ocrx_word' id='word_1_82' title='bbox 1587 1427 1800 1484; x_wconf 87' lang='lat' dir='ltr'><strong>virtutis</strong></span> 
     </span>
    </p>
   </div>
   <div class='ocr_carea' id='block_1_13' title="bbox 199 1521 1780 1596">
    <p class='ocr_par' dir='ltr' id='par_1_13' title="bbox 199 1521 1780 1596">
     <span class='ocr_line' id='line_1_13' title="bbox 199 1521 1780 1596; baseline -0.006 -12"><span class='ocrx_word' id='word_1_83' title='bbox 199 1530 346 1584; x_wconf 85' lang='lat' dir='ltr'><strong>viam</strong></span> <span class='ocrx_word' id='word_1_84' title='bbox 372 1546 385 1582; x_wconf 91' lang='lat'><strong>:</strong></span> <span class='ocrx_word' id='word_1_85' title='bbox 410 1537 488 1583; x_wconf 88' lang='lat' dir='ltr'><strong>tot</strong></span> <span class='ocrx_word' id='word_1_86' title='bbox 513 1526 759 1582; x_wconf 80' lang='lat' dir='ltr'><strong>homines</strong></span> <span class='ocrx_word' id='word_1_87' title='bbox 829 1530 1016 1590; x_wconf 87' lang='lat' dir='ltr'><strong>erant,</strong></span> <span class='ocrx_word' id='word_1_88' title='bbox 1054 1523 1146 1596; x_wconf 91' lang='lat' dir='ltr'><strong>qui</strong></span> <span class='ocrx_word' id='word_1_89' title='bbox 1175 1536 1400 1596; x_wconf 75' lang='lat' dir='ltr'><strong>gressus</strong></span> <span class='ocrx_word' id='word_1_90' title='bbox 1432 1521 1580 1581; x_wconf 82' lang='lat' dir='ltr'><strong>illius</strong></span> <span class='ocrx_word' id='word_1_91' title='bbox 1607 1534 1780 1580; x_wconf 89' lang='lat' dir='ltr'><strong>cona-</strong></span> 
     </span>
    </p>
   </div>
   <div class='ocr_carea' id='block_1_14' title="bbox 199 1612 1801 1681">
    <p class='ocr_par' dir='ltr' id='par_1_14' title="bbox 199 1612 1801 1681">
     <span class='ocr_line' id='line_1_14' title="bbox 199 1612 1801 1681; baseline -0.007 -5"><span class='ocrx_word' id='word_1_92' title='bbox 199 1628 393 1676; x_wconf 90' lang='lat' dir='ltr'><strong>rentur</strong></span> <span class='ocrx_word' id='word_1_93' title='bbox 435 1628 700 1674; x_wconf 81' lang='lat' dir='ltr'><strong>evertere.</strong></span> <span class='ocrx_word' id='word_1_94' title='bbox 753 1614 893 1672; x_wconf 86' lang='lat' dir='ltr'><strong>Cum</strong></span> <span class='ocrx_word' id='word_1_95' title='bbox 948 1614 1094 1672; x_wconf 91' lang='lat' dir='ltr'><strong>enim</strong></span> <span class='ocrx_word' id='word_1_96' title='bbox 1146 1612 1397 1669; x_wconf 88' lang='lat' dir='ltr'><strong>omnibus</strong></span> <span class='ocrx_word' id='word_1_97' title='bbox 1447 1621 1801 1681; x_wconf 65' lang='lat' dir='ltr'><strong>quaecumque</strong></span> 
     </span>
    </p>
   </div>
   <div class='ocr_carea' id='block_1_15' title="bbox 200 1701 1800 1782">
    <p class='ocr_par' dir='ltr' id='par_1_15' title="bbox 200 1701 1800 1782">
     <span class='ocr_line' id='line_1_15' title="bbox 200 1701 1800 1782; baseline -0.008 -16"><span class='ocrx_word' id='word_1_98' title='bbox 200 1713 374 1769; x_wconf 79' lang='lat' dir='ltr'><strong>velint</strong></span> <span class='ocrx_word' id='word_1_99' title='bbox 400 1726 561 1782; x_wconf 85' lang='lat' dir='ltr'><strong>agere</strong></span> <span class='ocrx_word' id='word_1_100' title='bbox 599 1711 803 1766; x_wconf 91' lang='lat' dir='ltr'><strong>licitum</strong></span> <span class='ocrx_word' id='word_1_101' title='bbox 831 1710 921 1777; x_wconf 88' lang='lat' dir='ltr'><strong>sit,</strong></span> <span class='ocrx_word' id='word_1_102' title='bbox 949 1724 1088 1765; x_wconf 90' lang='lat' dir='ltr'><strong>unus</strong></span> <span class='ocrx_word' id='word_1_103' title='bbox 1127 1720 1257 1763; x_wconf 87' lang='lat' dir='ltr'><strong>vero</strong></span> <span class='ocrx_word' id='word_1_104' title='bbox 1290 1705 1438 1762; x_wconf 83' lang='lat' dir='ltr'><strong>solus</strong></span> <span class='ocrx_word' id='word_1_105' title='bbox 1474 1701 1800 1760; x_wconf 88' lang='lat' dir='ltr'><strong>contrariam</strong></span> 
     </span>
    </p>
   </div>
   <div class='ocr_carea' id='block_1_16' title="bbox 198 1791 1804 1872">
    <p class='ocr_par' dir='ltr' id='par_1_16' title="bbox 198 1791 1804 1872">
     <span class='ocr_line' id='line_1_16' title="bbox 198 1791 1804 1872; baseline -0.009 -11"><span class='ocrx_word' id='word_1_106' title='bbox 198 1803 459 1861; x_wconf 83' lang='lat' dir='ltr'><strong>omnibus</strong></span> <span class='ocrx_word' id='word_1_107' title='bbox 485 1802 698 1859; x_wconf 87' lang='lat' dir='ltr'><strong>incedat</strong></span> <span class='ocrx_word' id='word_1_108' title='bbox 721 1803 862 1858; x_wconf 85' lang='lat' dir='ltr'><strong>viam</strong></span> <span class='ocrx_word' id='word_1_109' title='bbox 884 1843 900 1870; x_wconf 93' lang='lat'><strong>,</strong></span> <span class='ocrx_word' id='word_1_110' title='bbox 927 1799 1143 1872; x_wconf 83' lang='lat' dir='ltr'><strong>quando</strong></span> <span class='ocrx_word' id='word_1_111' title='bbox 1169 1798 1214 1854; x_wconf 87' lang='lat' dir='ltr'><strong>is</strong></span> <span class='ocrx_word' id='word_1_112' title='bbox 1239 1796 1307 1852; x_wconf 91' lang='lat' dir='ltr'><strong>ad</strong></span> <span class='ocrx_word' id='word_1_113' title='bbox 1333 1797 1493 1852; x_wconf 84' lang='lat' dir='ltr'><strong>linem</strong></span> <span class='ocrx_word' id='word_1_114' title='bbox 1519 1791 1804 1866; x_wconf 80' lang='lat' dir='ltr'><strong>pervenire</strong></span> 
     </span>
    </p>
   </div>
   <div class='ocr_carea' id='block_1_17' title="bbox 201 1882 1802 1968">
    <p class='ocr_par' dir='ltr' id='par_1_17' title="bbox 201 1882 1802 1968">
     <span class='ocr_line' id='line_1_17' title="bbox 201 1882 1802 1968; baseline -0.01 -16"><span class='ocrx_word' id='word_1_115' title='bbox 201 1896 438 1968; x_wconf 88' lang='lat' dir='ltr'><strong>poterit,</strong></span> <span class='ocrx_word' id='word_1_116' title='bbox 478 1894 689 1950; x_wconf 90' lang='lat' dir='ltr'><strong>cunctis</strong></span> <span class='ocrx_word' id='word_1_117' title='bbox 719 1893 866 1949; x_wconf 90' lang='lat' dir='ltr'><strong>illum</strong></span> <span class='ocrx_word' id='word_1_118' title='bbox 899 1901 1047 1947; x_wconf 90' lang='lat' dir='ltr'><strong>retro</strong></span> <span class='ocrx_word' id='word_1_119' title='bbox 1075 1887 1476 1960; x_wconf 81' lang='lat' dir='ltr'><strong>impellentibus</strong></span> <span class='ocrx_word' id='word_1_120' title='bbox 1501 1894 1660 1956; x_wconf 91' lang='lat' dir='ltr'><strong>atque</strong></span> <span class='ocrx_word' id='word_1_121' title='bbox 1685 1882 1802 1953; x_wconf 87' lang='lat' dir='ltr'><strong>pul-</strong></span> 
     </span>
    </p>
   </div>
   <div class='ocr_carea' id='block_1_18' title="bbox 199 1971 1803 2054">
    <p class='ocr_par' dir='ltr' id='par_1_18' title="bbox 199 1971 1803 2054">
     <span class='ocr_line' id='line_1_18' title="bbox 199 1971 1803 2054; baseline -0.01 -12"><span class='ocrx_word' id='word_1_122' title='bbox 199 1985 491 2042; x_wconf 68' lang='lat' dir='ltr'><strong>cantibus?</strong></span> <span class='ocrx_word' id='word_1_123' title='bbox 535 1983 704 2054; x_wconf 89' lang='lat' dir='ltr'><strong>Cujus</strong></span> <span class='ocrx_word' id='word_1_124' title='bbox 742 1983 886 2038; x_wconf 88' lang='lat' dir='ltr'><strong>enim</strong></span> <span class='ocrx_word' id='word_1_125' title='bbox 927 1979 1257 2037; x_wconf 78' lang='lat' dir='ltr'><strong>dimcultatis</strong></span> <span class='ocrx_word' id='word_1_126' title='bbox 1295 1977 1366 2033; x_wconf 88' lang='lat' dir='ltr'><strong>sit</strong></span> <span class='ocrx_word' id='word_1_127' title='bbox 1398 1991 1520 2032; x_wconf 91' lang='lat' dir='ltr'><strong>cum</strong></span> <span class='ocrx_word' id='word_1_128' title='bbox 1561 1971 1803 2044; x_wconf 86' lang='lat' dir='ltr'><strong>plurimis</strong></span> 
     </span>
    </p>
   </div>
   <div class='ocr_carea' id='block_1_19' title="bbox 198 2063 1802 2147">
    <p class='ocr_par' dir='ltr' id='par_1_19' title="bbox 198 2063 1802 2147">
     <span class='ocr_line' id='line_1_19' title="bbox 198 2063 1802 2147; baseline -0.009 -15"><span class='ocrx_word' id='word_1_129' title='bbox 198 2075 450 2147; x_wconf 87' lang='lat' dir='ltr'><strong>degendo</strong></span> <span class='ocrx_word' id='word_1_130' title='bbox 477 2083 624 2132; x_wconf 88' lang='lat' dir='ltr'><strong>recte</strong></span> <span class='ocrx_word' id='word_1_131' title='bbox 649 2074 894 2145; x_wconf 89' lang='lat' dir='ltr'><strong>operari,</strong></span> <span class='ocrx_word' id='word_1_132' title='bbox 925 2073 1249 2129; x_wconf 90' lang='lat' dir='ltr'><strong>documento</strong></span> <span class='ocrx_word' id='word_1_133' title='bbox 1278 2068 1434 2123; x_wconf 87' lang='lat' dir='ltr'><strong>nobis</strong></span> <span class='ocrx_word' id='word_1_134' title='bbox 1465 2074 1591 2123; x_wconf 90' lang='lat' dir='ltr'><strong>sunt</strong></span> <span class='ocrx_word' id='word_1_135' title='bbox 1621 2065 1678 2129; x_wconf 89' lang='lat' dir='ltr'><strong>ii,</strong></span> <span class='ocrx_word' id='word_1_136' title='bbox 1710 2063 1802 2135; x_wconf 92' lang='lat' dir='ltr'><strong>qui</strong></span> 
     </span>
    </p>
   </div>
   <div class='ocr_carea' id='block_1_20' title="bbox 199 2165 1805 2238">
    <p class='ocr_par' dir='ltr' id='par_1_20' title="bbox 199 2165 1805 2238">
     <span class='ocr_line' id='line_1_20' title="bbox 199 2165 1805 2238; baseline -0.009 -14"><span class='ocrx_word' id='word_1_137' title='bbox 199 2169 366 2224; x_wconf 84' lang='lat' dir='ltr'><strong>modo</strong></span> <span class='ocrx_word' id='word_1_138' title='bbox 389 2182 602 2238; x_wconf 91' lang='lat' dir='ltr'><strong>quoque</strong></span> <span class='ocrx_word' id='word_1_139' title='bbox 623 2165 937 2220; x_wconf 87' lang='lat' dir='ltr'><strong>solitudines</strong></span> <span class='ocrx_word' id='word_1_140' title='bbox 961 2171 1226 2232; x_wconf 80' lang='lat' dir='ltr'><strong>Occupant</strong></span> <span class='ocrx_word' id='word_1_141' title='bbox 1247 2201 1263 2228; x_wconf 91' lang='lat'><strong>,</strong></span> <span class='ocrx_word' id='word_1_142' title='bbox 1292 2175 1413 2215; x_wconf 91' lang='lat' dir='ltr'><strong>cum</strong></span> <span class='ocrx_word' id='word_1_143' title='bbox 1449 2169 1624 2212; x_wconf 89' lang='lat' dir='ltr'><strong>tamen</strong></span> <span class='ocrx_word' id='word_1_144' title='bbox 1657 2165 1805 2211; x_wconf 88' lang='lat' dir='ltr'><strong>recte</strong></span> 
     </span>
    </p>
   </div>
   <div class='ocr_carea' id='block_1_21' title="bbox 200 2248 1804 2326">
    <p class='ocr_par' dir='ltr' id='par_1_21' title="bbox 200 2248 1804 2326">
     <span class='ocr_line' id='line_1_21' title="bbox 200 2248 1804 2326; baseline -0.007 -14"><span class='ocrx_word' id='word_1_145' title='bbox 200 2258 418 2313; x_wconf 84' lang='lat' dir='ltr'><strong>vivendi</strong></span> <span class='ocrx_word' id='word_1_146' title='bbox 443 2261 666 2312; x_wconf 87' lang='lat' dir='ltr'><strong>formam</strong></span> <span class='ocrx_word' id='word_1_147' title='bbox 687 2256 885 2326; x_wconf 87' lang='lat' dir='ltr'><strong>ubique</strong></span> <span class='ocrx_word' id='word_1_148' title='bbox 903 2254 1331 2317; x_wconf 79' lang='lat' dir='ltr'><strong>disseminatam,</strong></span> <span class='ocrx_word' id='word_1_149' title='bbox 1354 2248 1804 2317; x_wconf 91' lang='lat' dir='ltr'><strong>concordiamque</strong></span> 
     </span>
    </p>
   </div>
   <div class='ocr_carea' id='block_1_22' title="bbox 201 2336 1804 2416">
    <p class='ocr_par' dir='ltr' id='par_1_22' title="bbox 201 2336 1804 2416">
     <span class='ocr_line' id='line_1_22' title="bbox 201 2336 1804 2416; baseline -0.009 -11"><span class='ocrx_word' id='word_1_150' title='bbox 201 2360 260 2406; x_wconf 89' lang='lat' dir='ltr'><strong>et</strong></span> <span class='ocrx_word' id='word_1_151' title='bbox 281 2360 522 2404; x_wconf 89' lang='lat' dir='ltr'><strong>mutuum</strong></span> <span class='ocrx_word' id='word_1_152' title='bbox 545 2336 782 2402; x_wconf 80' lang='lat' dir='ltr'><strong>amorem</strong></span> <span class='ocrx_word' id='word_1_153' title='bbox 813 2363 917 2402; x_wconf 91' lang='lat' dir='ltr'><strong>non</strong></span> <span class='ocrx_word' id='word_1_154' title='bbox 941 2345 1189 2416; x_wconf 77' lang='lat' dir='ltr'><strong>exiguum</strong></span> <span class='ocrx_word' id='word_1_155' title='bbox 1220 2358 1442 2399; x_wconf 88' lang='lat' dir='ltr'><strong>cernere</strong></span> <span class='ocrx_word' id='word_1_156' title='bbox 1472 2341 1524 2395; x_wconf 92' lang='lat' dir='ltr'><strong>in</strong></span> <span class='ocrx_word' id='word_1_157' title='bbox 1556 2348 1804 2410; x_wconf 86' lang='lat' dir='ltr'><strong>promptu</strong></span> 
     </span>
    </p>
   </div>
   <div class='ocr_carea' id='block_1_23' title="bbox 201 2432 1807 2506">
    <p class='ocr_par' dir='ltr' id='par_1_23' title="bbox 201 2432 1807 2506">
     <span class='ocr_line' id='line_1_23' title="bbox 201 2432 1807 2506; baseline -0.007 -10"><span class='ocrx_word' id='word_1_158' title='bbox 201 2443 293 2496; x_wconf 91' lang='lat' dir='ltr'><strong>sit.</strong></span> <span class='ocrx_word' id='word_1_159' title='bbox 323 2441 472 2496; x_wconf 81' lang='lat' dir='ltr'><strong>Tunc</strong></span> <span class='ocrx_word' id='word_1_160' title='bbox 498 2457 625 2496; x_wconf 89' lang='lat' dir='ltr'><strong>vero</strong></span> <span class='ocrx_word' id='word_1_161' title='bbox 653 2440 782 2496; x_wconf 88' lang='lat' dir='ltr'><strong>nihil</strong></span> <span class='ocrx_word' id='word_1_162' title='bbox 811 2441 1001 2495; x_wconf 91' lang='lat' dir='ltr'><strong>horum</strong></span> <span class='ocrx_word' id='word_1_163' title='bbox 1034 2437 1258 2493; x_wconf 88' lang='lat' dir='ltr'><strong>inveniri</strong></span> <span class='ocrx_word' id='word_1_164' title='bbox 1287 2443 1523 2506; x_wconf 87' lang='lat' dir='ltr'><strong>poterat;</strong></span> <span class='ocrx_word' id='word_1_165' title='bbox 1556 2432 1650 2488; x_wconf 91' lang='lat' dir='ltr'><strong>sed</strong></span> <span class='ocrx_word' id='word_1_166' title='bbox 1679 2445 1807 2486; x_wconf 83' lang='lat' dir='ltr'><strong>con-</strong></span> 
     </span>
    </p>
   </div>
   <div class='ocr_carea' id='block_1_24' title="bbox 205 2527 1694 2587">
    <p class='ocr_par' dir='ltr' id='par_1_24' title="bbox 205 2527 1694 2587">
     <span class='ocr_line' id='line_1_24' title="bbox 205 2527 1694 2587; baseline -0.007 0"><span class='ocrx_word' id='word_1_167' title='bbox 205 2541 289 2587; x_wconf 89' lang='lat' dir='ltr'><strong>tra</strong></span> <span class='ocrx_word' id='word_1_168' title='bbox 319 2533 464 2586; x_wconf 91' lang='lat' dir='ltr'><strong>illum</strong></span> <span class='ocrx_word' id='word_1_169' title='bbox 489 2547 679 2587; x_wconf 90' lang='lat' dir='ltr'><strong>omnes</strong></span> <span class='ocrx_word' id='word_1_170' title='bbox 718 2530 845 2585; x_wconf 89' lang='lat' dir='ltr'><strong>feris</strong></span> <span class='ocrx_word' id='word_1_171' title='bbox 871 2529 1120 2585; x_wconf 90' lang='lat' dir='ltr'><strong>omnibus</strong></span> <span class='ocrx_word' id='word_1_172' title='bbox 1148 2527 1490 2581; x_wconf 89' lang='lat' dir='ltr'><strong>immaniores</strong></span> <span class='ocrx_word' id='word_1_173' title='bbox 1521 2532 1694 2580; x_wconf 90' lang='lat' dir='ltr'><strong>erant.</strong></span> 
     </span>
    </p>
   </div>
   <div class='ocr_carea' id='block_1_25' title="bbox 277 2617 1806 2693">
    <p class='ocr_par' dir='ltr' id='par_1_25' title="bbox 277 2617 1806 2693">
     <span class='ocr_line' id='line_1_25' title="bbox 277 2617 1806 2693; baseline -0.005 -15"><span class='ocrx_word' id='word_1_174' title='bbox 277 2623 333 2678; x_wconf 82' lang='lat'><strong>6.</strong></span> <span class='ocrx_word' id='word_1_175' title='bbox 354 2622 660 2692; x_wconf 75' lang='lat' dir='ltr'><strong>Exemplum</strong></span> <span class='ocrx_word' id='word_1_176' title='bbox 690 2622 907 2677; x_wconf 78' lang='lat' dir='ltr'><strong>Abraha:</strong></span> <span class='ocrx_word' id='word_1_177' title='bbox 935 2623 1146 2693; x_wconf 77' lang='lat' dir='ltr'><strong>profert.</strong></span> <span class='ocrx_word' id='word_1_178' title='bbox 1162 2650 1234 2661; x_wconf 89' lang='lat'><strong>-—</strong></span> <span class='ocrx_word' id='word_1_179' title='bbox 1252 2619 1390 2688; x_wconf 83' lang='lat' dir='ltr'><strong>Quid</strong></span> <span class='ocrx_word' id='word_1_180' title='bbox 1409 2619 1566 2689; x_wconf 82' lang='lat' dir='ltr'><strong>igitur</strong></span> <span class='ocrx_word' id='word_1_181' title='bbox 1583 2617 1685 2672; x_wconf 89' lang='lat' dir='ltr'><strong>hac</strong></span> <span class='ocrx_word' id='word_1_182' title='bbox 1702 2617 1806 2670; x_wconf 91' lang='lat' dir='ltr'><strong>vita</strong></span> 
     </span>
    </p>
   </div>
   <div class='ocr_carea' id='block_1_26' title="bbox 202 2712 1809 2786">
    <p class='ocr_par' dir='ltr' id='par_1_26' title="bbox 202 2712 1809 2786">
     <span class='ocr_line' id='line_1_26' title="bbox 202 2712 1809 2786; baseline -0.004 -16"><span class='ocrx_word' id='word_1_183' title='bbox 202 2715 520 2781; x_wconf 89' lang='lat' dir='ltr'><strong>luctuosius,</strong></span> <span class='ocrx_word' id='word_1_184' title='bbox 541 2715 668 2786; x_wconf 90' lang='lat' dir='ltr'><strong>quid</strong></span> <span class='ocrx_word' id='word_1_185' title='bbox 689 2713 1046 2769; x_wconf 85' lang='lat' dir='ltr'><strong>laboriosius?</strong></span> <span class='ocrx_word' id='word_1_186' title='bbox 1064 2712 1322 2783; x_wconf 85' lang='lat' dir='ltr'><strong>Equidem</strong></span> <span class='ocrx_word' id='word_1_187' title='bbox 1354 2721 1697 2767; x_wconf 87' lang='lat' dir='ltr'><strong>ostensurum</strong></span> <span class='ocrx_word' id='word_1_188' title='bbox 1722 2723 1809 2764; x_wconf 91' lang='lat' dir='ltr'><strong>me</strong></span> 
     </span>
    </p>
   </div>
   <div class='ocr_carea' id='block_1_27' title="bbox 203 2799 1808 2877">
    <p class='ocr_par' dir='ltr' id='par_1_27' title="bbox 203 2799 1808 2877">
     <span class='ocr_line' id='line_1_27' title="bbox 203 2799 1808 2877; baseline -0.006 -15"><span class='ocrx_word' id='word_1_189' title='bbox 203 2808 559 2877; x_wconf 88' lang='lat' dir='ltr'><strong>promiseram</strong></span> <span class='ocrx_word' id='word_1_190' title='bbox 596 2807 743 2863; x_wconf 92' lang='lat' dir='ltr'><strong>illum</strong></span> <span class='ocrx_word' id='word_1_191' title='bbox 776 2807 944 2861; x_wconf 89' lang='lat' dir='ltr'><strong>nihilo</strong></span> <span class='ocrx_word' id='word_1_192' title='bbox 969 2805 1191 2861; x_wconf 89' lang='lat' dir='ltr'><strong>meliore</strong></span> <span class='ocrx_word' id='word_1_193' title='bbox 1217 2803 1524 2860; x_wconf 89' lang='lat' dir='ltr'><strong>conditione</strong></span> <span class='ocrx_word' id='word_1_194' title='bbox 1555 2800 1717 2856; x_wconf 89' lang='lat' dir='ltr'><strong>fuisse</strong></span> <span class='ocrx_word' id='word_1_195' title='bbox 1745 2799 1808 2853; x_wconf 93' lang='lat' dir='ltr'><strong>iis</strong></span> 
     </span>
    </p>
   </div>
   <div class='ocr_carea' id='block_1_28' title="bbox 203 2893 1804 2968">
    <p class='ocr_par' dir='ltr' id='par_1_28' title="bbox 203 2893 1804 2968">
     <span class='ocr_line' id='line_1_28' title="bbox 203 2893 1804 2968; baseline -0.004 -17"><span class='ocrx_word' id='word_1_196' title='bbox 203 2898 296 2968; x_wconf 90' lang='lat' dir='ltr'><strong>qui</strong></span> <span class='ocrx_word' id='word_1_197' title='bbox 335 2912 550 2967; x_wconf 88' lang='lat' dir='ltr'><strong>semper</strong></span> <span class='ocrx_word' id='word_1_198' title='bbox 587 2913 751 2952; x_wconf 89' lang='lat' dir='ltr'><strong>onera</strong></span> <span class='ocrx_word' id='word_1_199' title='bbox 781 2897 982 2963; x_wconf 89' lang='lat' dir='ltr'><strong>ferunt,</strong></span> <span class='ocrx_word' id='word_1_200' title='bbox 1015 2906 1069 2950; x_wconf 91' lang='lat' dir='ltr'><strong>et</strong></span> <span class='ocrx_word' id='word_1_201' title='bbox 1097 2909 1386 2965; x_wconf 85' lang='lat' dir='ltr'><strong>numquam</strong></span> <span class='ocrx_word' id='word_1_202' title='bbox 1425 2893 1804 2962; x_wconf 89' lang='lat' dir='ltr'><strong>requiescunt;</strong></span> 
     </span>
    </p>
   </div>
   <div class='ocr_carea' id='block_1_29' title="bbox 204 2983 1805 3058">
    <p class='ocr_par' dir='ltr' id='par_1_29' title="bbox 204 2983 1805 3058">
     <span class='ocr_line' id='line_1_29' title="bbox 204 2983 1805 3058; baseline -0.008 -12"><span class='ocrx_word' id='word_1_203' title='bbox 204 2989 302 3046; x_wconf 87' lang='lat' dir='ltr'><strong>sed</strong></span> <span class='ocrx_word' id='word_1_204' title='bbox 347 2993 518 3044; x_wconf 88' lang='lat' dir='ltr'><strong>oratio</strong></span> <span class='ocrx_word' id='word_1_205' title='bbox 561 2989 729 3044; x_wconf 90' lang='lat' dir='ltr'><strong>multo</strong></span> <span class='ocrx_word' id='word_1_206' title='bbox 767 2990 998 3058; x_wconf 87' lang='lat' dir='ltr'><strong>amplius</strong></span> <span class='ocrx_word' id='word_1_207' title='bbox 1044 2986 1220 3041; x_wconf 81' lang='lat' dir='ltr'><strong>eﬂ&#39;ecit</strong></span> <span class='ocrx_word' id='word_1_208' title='bbox 1255 3005 1269 3041; x_wconf 92' lang='lat'><strong>:</strong></span> <span class='ocrx_word' id='word_1_209' title='bbox 1303 3002 1408 3039; x_wconf 92' lang='lat' dir='ltr'><strong>non</strong></span> <span class='ocrx_word' id='word_1_210' title='bbox 1452 2984 1626 3039; x_wconf 91' lang='lat' dir='ltr'><strong>solum</strong></span> <span class='ocrx_word' id='word_1_211' title='bbox 1664 2983 1805 3038; x_wconf 90' lang='lat' dir='ltr'><strong>enim</strong></span> 
     </span>
    </p>
   </div>
   <div class='ocr_carea' id='block_1_30' title="bbox 205 3076 1808 3151">
    <p class='ocr_par' dir='ltr' id='par_1_30' title="bbox 205 3076 1808 3151">
     <span class='ocr_line' id='line_1_30' title="bbox 205 3076 1808 3151; baseline -0.004 -14"><span class='ocrx_word' id='word_1_212' title='bbox 205 3097 316 3138; x_wconf 92' lang='lat' dir='ltr'><strong>non</strong></span> <span class='ocrx_word' id='word_1_213' title='bbox 357 3082 598 3147; x_wconf 89' lang='lat' dir='ltr'><strong>meliore,</strong></span> <span class='ocrx_word' id='word_1_214' title='bbox 629 3081 722 3136; x_wconf 84' lang='lat' dir='ltr'><strong>sed</strong></span> <span class='ocrx_word' id='word_1_215' title='bbox 769 3090 824 3136; x_wconf 91' lang='lat' dir='ltr'><strong>et</strong></span> <span class='ocrx_word' id='word_1_216' title='bbox 851 3081 1006 3151; x_wconf 88' lang='lat' dir='ltr'><strong>longe</strong></span> <span class='ocrx_word' id='word_1_217' title='bbox 1051 3079 1296 3150; x_wconf 75' lang='lat' dir='ltr'><strong>graviore</strong></span> <span class='ocrx_word' id='word_1_218' title='bbox 1321 3079 1424 3132; x_wconf 92' lang='lat' dir='ltr'><strong>illis</strong></span> <span class='ocrx_word' id='word_1_219' title='bbox 1451 3093 1515 3132; x_wconf 90' lang='lat' dir='ltr'><strong>ac</strong></span> <span class='ocrx_word' id='word_1_220' title='bbox 1543 3076 1808 3131; x_wconf 88' lang='lat' dir='ltr'><strong>deteriore</strong></span> 
     </span>
    </p>
   </div>
   <div class='ocr_carea' id='block_1_31' title="bbox 203 3168 1808 3244">
    <p class='ocr_par' dir='ltr' id='par_1_31' title="bbox 203 3168 1808 3244">
     <span class='ocr_line' id='line_1_31' title="bbox 203 3168 1808 3244; baseline -0.006 -13"><span class='ocrx_word' id='word_1_221' title='bbox 203 3176 516 3231; x_wconf 87' lang='lat' dir='ltr'><strong>conditione</strong></span> <span class='ocrx_word' id='word_1_222' title='bbox 560 3174 724 3230; x_wconf 84' lang='lat' dir='ltr'><strong>fuisse</strong></span> <span class='ocrx_word' id='word_1_223' title='bbox 769 3174 943 3229; x_wconf 67' lang='lat' dir='ltr'><strong>nobis&quot;</strong></span> <span class='ocrx_word' id='word_1_224' title='bbox 974 3172 1246 3244; x_wconf 83' lang='lat' dir='ltr'><strong>patefecit.</strong></span> <span class='ocrx_word' id='word_1_225' title='bbox 1297 3171 1518 3226; x_wconf 85' lang='lat' dir='ltr'><strong>Videtur</strong></span> <span class='ocrx_word' id='word_1_226' title='bbox 1567 3168 1808 3239; x_wconf 81' lang='lat' dir='ltr'><strong>plurimis</strong></span> 
     </span>
    </p>
   </div>
   <div class='ocr_carea' id='block_1_32' title="bbox 205 3261 1808 3334">
    <p class='ocr_par' dir='ltr' id='par_1_32' title="bbox 205 3261 1808 3334">
     <span class='ocr_line' id='line_1_32' title="bbox 205 3261 1808 3334; baseline -0.004 -12"><span class='ocrx_word' id='word_1_227' title='bbox 205 3268 480 3322; x_wconf 78' lang='lat' dir='ltr'><strong>Abraham</strong></span> <span class='ocrx_word' id='word_1_228' title='bbox 509 3275 721 3321; x_wconf 61' lang='lat' dir='ltr'><strong>aetatem</strong></span> <span class='ocrx_word' id='word_1_229' title='bbox 763 3281 976 3320; x_wconf 90' lang='lat' dir='ltr'><strong>omnem</strong></span> <span class='ocrx_word' id='word_1_230' title='bbox 1025 3279 1282 3334; x_wconf 86' lang='lat' dir='ltr'><strong>prospere</strong></span> <span class='ocrx_word' id='word_1_231' title='bbox 1325 3279 1388 3319; x_wconf 90' lang='lat' dir='ltr'><strong>ac</strong></span> <span class='ocrx_word' id='word_1_232' title='bbox 1420 3261 1708 3333; x_wconf 90' lang='lat' dir='ltr'><strong>tranquille</strong></span> <span class='ocrx_word' id='word_1_233' title='bbox 1729 3261 1808 3315; x_wconf 87' lang='lat' dir='ltr'><strong>vi—</strong></span> 
     </span>
    </p>
   </div>
   <div class='ocr_carea' id='block_1_33' title="bbox 205 3353 1809 3430">
    <p class='ocr_par' dir='ltr' id='par_1_33' title="bbox 205 3353 1809 3430">
     <span class='ocr_line' id='line_1_33' title="bbox 205 3353 1809 3430; baseline -0.006 -16"><span class='ocrx_word' id='word_1_234' title='bbox 205 3361 354 3415; x_wconf 80' lang='lat' dir='ltr'><strong>xisse</strong></span> <span class='ocrx_word' id='word_1_235' title='bbox 387 3377 401 3414; x_wconf 92' lang='lat'>:</span> <span class='ocrx_word' id='word_1_236' title='bbox 428 3360 676 3430; x_wconf 90' lang='lat' dir='ltr'><strong>quocirca</strong></span> <span class='ocrx_word' id='word_1_237' title='bbox 708 3358 972 3413; x_wconf 81' lang='lat' dir='ltr'><strong>feliciores</strong></span> <span class='ocrx_word' id='word_1_238' title='bbox 998 3372 1239 3427; x_wconf 89' lang='lat' dir='ltr'><strong>quosque</strong></span> <span class='ocrx_word' id='word_1_239' title='bbox 1265 3366 1316 3410; x_wconf 90' lang='lat' dir='ltr'><strong>et</strong></span> <span class='ocrx_word' id='word_1_240' title='bbox 1340 3355 1572 3426; x_wconf 84' lang='lat' dir='ltr'><strong>undique</strong></span> <span class='ocrx_word' id='word_1_241' title='bbox 1610 3353 1809 3407; x_wconf 79' lang='lat' dir='ltr'><strong>floren-</strong></span> 
     </span>
    </p>
   </div>
   <div class='ocr_carea' id='block_1_34' title="bbox 207 3446 1806 3520">
    <p class='ocr_par' dir='ltr' id='par_1_34' title="bbox 207 3446 1806 3520">
     <span class='ocr_line' id='line_1_34' title="bbox 207 3446 1806 3520; baseline -0.004 -13"><span class='ocrx_word' id='word_1_242' title='bbox 207 3460 292 3507; x_wconf 85' lang='lat' dir='ltr'><strong>tes</strong></span> <span class='ocrx_word' id='word_1_243' title='bbox 328 3452 404 3506; x_wconf 90' lang='lat' dir='ltr'><strong>illi</strong></span> <span class='ocrx_word' id='word_1_244' title='bbox 449 3466 766 3520; x_wconf 86' lang='lat' dir='ltr'><strong>comparare</strong></span> <span class='ocrx_word' id='word_1_245' title='bbox 793 3451 990 3505; x_wconf 83' lang='lat' dir='ltr'><strong>solent.</strong></span> <span class='ocrx_word' id='word_1_246' title='bbox 1022 3450 1134 3520; x_wconf 83' lang='lat' dir='ltr'><strong>Age</strong></span> <span class='ocrx_word' id='word_1_247' title='bbox 1161 3463 1289 3519; x_wconf 89' lang='lat' dir='ltr'><strong>ergo</strong></span> <span class='ocrx_word' id='word_1_248' title='bbox 1321 3447 1656 3518; x_wconf 90' lang='lat' dir='ltr'><strong>inquiramus</strong></span> <span class='ocrx_word' id='word_1_249' title='bbox 1682 3446 1806 3501; x_wconf 80' lang='lat' dir='ltr'><strong>dili-</strong></span> 
     </span>
    </p>
   </div>
   <div class='ocr_carea' id='block_1_35' title="bbox 206 3538 1808 3614">
    <p class='ocr_par' dir='ltr' id='par_1_35' title="bbox 206 3538 1808 3614">
     <span class='ocr_line' id='line_1_35' title="bbox 206 3538 1808 3614; baseline -0.003 -16"><span class='ocrx_word' id='word_1_250' title='bbox 206 3544 423 3614; x_wconf 79' lang='lat' dir='ltr'><strong>gentius</strong></span> <span class='ocrx_word' id='word_1_251' title='bbox 466 3558 584 3612; x_wconf 74' lang='lat' dir='ltr'><strong>qua:</strong></span> <span class='ocrx_word' id='word_1_252' title='bbox 613 3543 686 3597; x_wconf 89' lang='lat' dir='ltr'><strong>illi</strong></span> <span class='ocrx_word' id='word_1_253' title='bbox 717 3543 1076 3612; x_wconf 90' lang='lat' dir='ltr'><strong>contigerunt.</strong></span> <span class='ocrx_word' id='word_1_254' title='bbox 1106 3540 1205 3594; x_wconf 84' lang='lat' dir='ltr'><strong>Hic</strong></span> <span class='ocrx_word' id='word_1_255' title='bbox 1233 3539 1362 3592; x_wconf 92' lang='lat' dir='ltr'><strong>mihi</strong></span> <span class='ocrx_word' id='word_1_256' title='bbox 1393 3538 1605 3593; x_wconf 91' lang='lat' dir='ltr'><strong>videtur</strong></span> <span class='ocrx_word' id='word_1_257' title='bbox 1650 3538 1808 3609; x_wconf 88' lang='lat' dir='ltr'><strong>longe</strong></span> 
     </span>
    </p>
   </div>
   <div class='ocr_carea' id='block_1_36' title="bbox 206 3629 1809 3708">
    <p class='ocr_par' dir='ltr' id='par_1_36' title="bbox 206 3629 1809 3708">
     <span class='ocr_line' id='line_1_36' title="bbox 206 3629 1809 3708; baseline -0.004 -18"><span class='ocrx_word' id='word_1_258' title='bbox 206 3637 454 3708; x_wconf 74' lang='lat' dir='ltr'><strong>graviora</strong></span> <span class='ocrx_word' id='word_1_259' title='bbox 497 3650 655 3705; x_wconf 89' lang='lat' dir='ltr'><strong>quam</strong></span> <span class='ocrx_word' id='word_1_260' title='bbox 700 3634 813 3688; x_wconf 88' lang='lat' dir='ltr'><strong>Noe</strong></span> <span class='ocrx_word' id='word_1_261' title='bbox 858 3647 1126 3704; x_wconf 89' lang='lat' dir='ltr'><strong>quamque</strong></span> <span class='ocrx_word' id='word_1_262' title='bbox 1169 3631 1305 3686; x_wconf 83' lang='lat' dir='ltr'><strong>Abel</strong></span> <span class='ocrx_word' id='word_1_263' title='bbox 1358 3645 1680 3702; x_wconf 88' lang='lat' dir='ltr'><strong>perpessus;</strong></span> <span class='ocrx_word' id='word_1_264' title='bbox 1712 3629 1809 3685; x_wconf 89' lang='lat' dir='ltr'><strong>sed</strong></span> 
     </span>
    </p>
   </div>
   <div class='ocr_carea' id='block_1_37' title="bbox 208 3723 1804 3800">
    <p class='ocr_par' dir='ltr' id='par_1_37' title="bbox 208 3723 1804 3800">
     <span class='ocr_line' id='line_1_37' title="bbox 208 3723 1804 3800; baseline -0.004 -17"><span class='ocrx_word' id='word_1_265' title='bbox 208 3743 313 3800; x_wconf 90' lang='lat' dir='ltr'><strong>ego</strong></span> <span class='ocrx_word' id='word_1_266' title='bbox 337 3728 506 3782; x_wconf 89' lang='lat' dir='ltr'><strong>satius</strong></span> <span class='ocrx_word' id='word_1_267' title='bbox 537 3743 658 3782; x_wconf 91' lang='lat' dir='ltr'><strong>esse</strong></span> <span class='ocrx_word' id='word_1_268' title='bbox 687 3741 751 3780; x_wconf 92' lang='lat' dir='ltr'><strong>ac</strong></span> <span class='ocrx_word' id='word_1_269' title='bbox 780 3725 1175 3795; x_wconf 88' lang='lat' dir='ltr'><strong>meliusjudico</strong></span> <span class='ocrx_word' id='word_1_270' title='bbox 1203 3723 1336 3779; x_wconf 84' lang='lat' dir='ltr'><strong>nihil</strong></span> <span class='ocrx_word' id='word_1_271' title='bbox 1363 3724 1576 3779; x_wconf 88' lang='lat' dir='ltr'><strong>interim</strong></span> <span class='ocrx_word' id='word_1_272' title='bbox 1603 3723 1804 3787; x_wconf 85' lang='lat' dir='ltr'><strong>dicere,</strong></span> 
     </span>
    </p>
   </div>
   <div class='ocr_carea' id='block_1_38' title="bbox 207 3815 1804 3890">
    <p class='ocr_par' dir='ltr' id='par_1_38' title="bbox 207 3815 1804 3890">
     <span class='ocr_line' id='line_1_38' title="bbox 207 3815 1804 3890; baseline -0.003 -18"><span class='ocrx_word' id='word_1_273' title='bbox 207 3818 385 3890; x_wconf 87' lang='lat' dir='ltr'><strong>quoad</strong></span> <span class='ocrx_word' id='word_1_274' title='bbox 433 3835 612 3872; x_wconf 89' lang='lat' dir='ltr'><strong>rerum</strong></span> <span class='ocrx_word' id='word_1_275' title='bbox 667 3818 893 3888; x_wconf 75' lang='lat' dir='ltr'><strong>diligens</strong></span> <span class='ocrx_word' id='word_1_276' title='bbox 953 3816 1216 3872; x_wconf 89' lang='lat' dir='ltr'><strong>discussio</strong></span> <span class='ocrx_word' id='word_1_277' title='bbox 1271 3817 1591 3872; x_wconf 88' lang='lat' dir='ltr'><strong>sententiam</strong></span> <span class='ocrx_word' id='word_1_278' title='bbox 1652 3815 1804 3871; x_wconf 91' lang='lat' dir='ltr'><strong>ferat.</strong></span> 
     </span>
    </p>
   </div>
   <div class='ocr_carea' id='block_1_39' title="bbox 206 3907 1806 3980">
    <p class='ocr_par' dir='ltr' id='par_1_39' title="bbox 206 3907 1806 3980">
     <span class='ocr_line' id='line_1_39' title="bbox 206 3907 1806 3980; baseline -0.002 -16"><span class='ocrx_word' id='word_1_279' title='bbox 206 3911 341 3979; x_wconf 72' lang='lat' dir='ltr'><strong>Qurc</strong></span> <span class='ocrx_word' id='word_1_280' title='bbox 373 3909 531 3979; x_wconf 82' lang='lat' dir='ltr'><strong>igitur</strong></span> <span class='ocrx_word' id='word_1_281' title='bbox 560 3909 638 3963; x_wconf 91' lang='lat' dir='ltr'><strong>illi</strong></span> <span class='ocrx_word' id='word_1_282' title='bbox 667 3910 718 3963; x_wconf 94' lang='lat' dir='ltr'><strong>in</strong></span> <span class='ocrx_word' id='word_1_283' title='bbox 748 3908 967 3964; x_wconf 87' lang='lat' dir='ltr'><strong>Perside</strong></span> <span class='ocrx_word' id='word_1_284' title='bbox 987 3918 1042 3964; x_wconf 88' lang='lat' dir='ltr'><strong>et</strong></span> <span class='ocrx_word' id='word_1_285' title='bbox 1072 3923 1242 3979; x_wconf 90' lang='lat' dir='ltr'><strong>usque</strong></span> <span class='ocrx_word' id='word_1_286' title='bbox 1267 3908 1332 3963; x_wconf 92' lang='lat' dir='ltr'><strong>ad</strong></span> <span class='ocrx_word' id='word_1_287' title='bbox 1355 3907 1806 3980; x_wconf 83' lang='lat' dir='ltr'><strong>septuagesimum</strong></span> 
     </span>
    </p>
   </div>
   <div class='ocr_carea' id='block_1_40' title="bbox 205 3999 1804 4070">
    <p class='ocr_par' dir='ltr' id='par_1_40' title="bbox 205 3999 1804 4070">
     <span class='ocr_line' id='line_1_40' title="bbox 205 3999 1804 4070; baseline -0.002 -16"><span class='ocrx_word' id='word_1_288' title='bbox 205 4016 408 4054; x_wconf 89' lang='lat' dir='ltr'><strong>annum</strong></span> <span class='ocrx_word' id='word_1_289' title='bbox 432 4001 770 4070; x_wconf 63' lang='lat' dir='ltr'><strong>Contigerant</strong></span> <span class='ocrx_word' id='word_1_290' title='bbox 797 3999 991 4066; x_wconf 89' lang='lat' dir='ltr'><strong>tristia,</strong></span> <span class='ocrx_word' id='word_1_291' title='bbox 1015 3999 1200 4055; x_wconf 86' lang='lat' dir='ltr'><strong>nullus</strong></span> <span class='ocrx_word' id='word_1_292' title='bbox 1229 4007 1414 4068; x_wconf 86' lang='lat' dir='ltr'><strong>aperte</strong></span> <span class='ocrx_word' id='word_1_293' title='bbox 1439 3999 1580 4054; x_wconf 89' lang='lat' dir='ltr'><strong>scire</strong></span> <span class='ocrx_word' id='word_1_294' title='bbox 1610 4006 1804 4068; x_wconf 84' lang='lat' dir='ltr'><strong>potest.</strong></span> 
     </span>
    </p>
   </div>
   <div class='ocr_carea' id='block_1_41' title="bbox 203 4090 1809 4164">
    <p class='ocr_par' dir='ltr' id='par_1_41' title="bbox 203 4090 1809 4164">
     <span class='ocr_line' id='line_1_41' title="bbox 203 4090 1809 4164; baseline -0.003 -17"><span class='ocrx_word' id='word_1_295' title='bbox 203 4092 391 4163; x_wconf 79' lang='lat' dir='ltr'><strong>Neque</strong></span> <span class='ocrx_word' id='word_1_296' title='bbox 417 4093 560 4148; x_wconf 90' lang='lat' dir='ltr'><strong>enim</strong></span> <span class='ocrx_word' id='word_1_297' title='bbox 584 4092 771 4146; x_wconf 91' lang='lat' dir='ltr'><strong>beatus</strong></span> <span class='ocrx_word' id='word_1_298' title='bbox 787 4091 997 4164; x_wconf 79' lang='lat' dir='ltr'><strong>Moyses</strong></span> <span class='ocrx_word' id='word_1_299' title='bbox 1018 4092 1134 4161; x_wconf 81' lang='lat' dir='ltr'><strong>ejus</strong></span> <span class='ocrx_word' id='word_1_300' title='bbox 1166 4091 1323 4147; x_wconf 89' lang='lat' dir='ltr'><strong>nobis</strong></span> <span class='ocrx_word' id='word_1_301' title='bbox 1345 4092 1606 4161; x_wconf 91' lang='lat' dir='ltr'><strong>temporis</strong></span> <span class='ocrx_word' id='word_1_302' title='bbox 1637 4090 1809 4145; x_wconf 85' lang='lat' dir='ltr'><strong>histo-</strong></span> 
     </span>
    </p>
   </div>
   <div class='ocr_carea' id='block_1_42' title="bbox 205 4185 1810 4254">
    <p class='ocr_par' dir='ltr' id='par_1_42' title="bbox 205 4185 1810 4254">
     <span class='ocr_line' id='line_1_42' title="bbox 205 4185 1810 4254; baseline -0.002 -13"><span class='ocrx_word' id='word_1_303' title='bbox 205 4188 343 4241; x_wconf 86' lang='lat' dir='ltr'><strong>riam</strong></span> <span class='ocrx_word' id='word_1_304' title='bbox 369 4185 603 4251; x_wconf 91' lang='lat' dir='ltr'><strong>tradidit,</strong></span> <span class='ocrx_word' id='word_1_305' title='bbox 636 4185 729 4240; x_wconf 89' lang='lat' dir='ltr'><strong>sed</strong></span> <span class='ocrx_word' id='word_1_306' title='bbox 763 4185 849 4240; x_wconf 88' lang='lat' dir='ltr'><strong>illa</strong></span> <span class='ocrx_word' id='word_1_307' title='bbox 897 4189 1042 4239; x_wconf 89' lang='lat' dir='ltr'><strong>omni</strong></span> <span class='ocrx_word' id='word_1_308' title='bbox 1089 4192 1246 4239; x_wconf 65' lang='lat' dir='ltr'><strong>actate</strong></span> <span class='ocrx_word' id='word_1_309' title='bbox 1286 4185 1506 4250; x_wconf 86' lang='lat' dir='ltr'><strong>omissa,</strong></span> <span class='ocrx_word' id='word_1_310' title='bbox 1535 4199 1565 4237; x_wconf 89' lang='lat' dir='ltr'><strong>a</strong></span> <span class='ocrx_word' id='word_1_311' title='bbox 1594 4194 1810 4254; x_wconf 86' lang='lat' dir='ltr'><strong>septua-</strong></span> 
     </span>
    </p>
   </div>
   <div class='ocr_carea' id='block_1_43' title="bbox 203 4276 1808 4357">
    <p class='ocr_par' dir='ltr' id='par_1_43' title="bbox 203 4276 1808 4357">
     <span class='ocr_line' id='line_1_43' title="bbox 203 4276 1808 4357; baseline -0.002 -24"><span class='ocrx_word' id='word_1_312' title='bbox 203 4280 415 4348; x_wconf 85' lang='lat' dir='ltr'><strong>gesimo</strong></span> <span class='ocrx_word' id='word_1_313' title='bbox 464 4292 608 4332; x_wconf 86' lang='lat' dir='ltr'><strong>anno</strong></span> <span class='ocrx_word' id='word_1_314' title='bbox 653 4278 981 4333; x_wconf 83' lang='lat' dir='ltr'><strong>narrationis</strong></span> <span class='ocrx_word' id='word_1_315' title='bbox 1026 4294 1139 4333; x_wconf 66' lang='lat' dir='ltr'><strong>sua:</strong></span> <span class='ocrx_word' id='word_1_316' title='bbox 1191 4278 1329 4348; x_wconf 90' lang='lat' dir='ltr'><strong>cepit</strong></span> <span class='ocrx_word' id='word_1_317' title='bbox 1375 4276 1628 4357; x_wconf 63' lang='lat' dir='ltr'><strong>initium.“</strong></span> <span class='ocrx_word' id='word_1_318' title='bbox 1654 4276 1808 4343; x_wconf 86' lang='lat' dir='ltr'><strong>Quod</strong></span> 
     </span>
    </p>
   </div>
   <div class='ocr_carea' id='block_1_44' title="bbox 208 4354 1807 4438">
    <p class='ocr_par' dir='ltr' id='par_1_44' title="bbox 208 4354 1807 4438">
     <span class='ocr_line' id='line_1_44' title="bbox 208 4354 1807 4438; baseline -0.001 -16"><span class='ocrx_word' id='word_1_319' title='bbox 208 4378 388 4422; x_wconf 90' lang='lat' dir='ltr'><strong>tamen</strong></span> <span class='ocrx_word' id='word_1_320' title='bbox 419 4377 472 4422; x_wconf 91' lang='lat' dir='ltr'><strong>et</strong></span> <span class='ocrx_word' id='word_1_321' title='bbox 513 4368 626 4438; x_wconf 87' lang='lat' dir='ltr'><strong>ipse</strong></span> <span class='ocrx_word' id='word_1_322' title='bbox 655 4369 798 4437; x_wconf 89' lang='lat' dir='ltr'><strong>paria</strong></span> <span class='ocrx_word' id='word_1_323' title='bbox 832 4369 895 4422; x_wconf 87' lang='lat' dir='ltr'><strong>iis</strong></span> <span class='ocrx_word' id='word_1_324' title='bbox 925 4384 1043 4438; x_wconf 69' lang='lat' dir='ltr'><strong>qtm</strong></span> <span class='ocrx_word' id='word_1_325' title='bbox 1072 4368 1201 4422; x_wconf 68' lang='lat' dir='ltr'><strong>Noae</strong></span> <span class='ocrx_word' id='word_1_326' title='bbox 1249 4354 1532 4438; x_wconf 84' lang='lat' dir='ltr'><strong>perpessus</strong></span> <span class='ocrx_word' id='word_1_327' title='bbox 1556 4368 1645 4432; x_wconf 87' lang='lat' dir='ltr'><strong>sit,</strong></span> <span class='ocrx_word' id='word_1_328' title='bbox 1676 4354 1807 4420; x_wconf 60' lang='grc' dir='ltr'><strong>τεξυι</strong></span> 
     </span>
    </p>
   </div>
   <div class='ocr_carea' id='block_1_45' title="bbox 207 4458 1805 4529">
    <p class='ocr_par' dir='ltr' id='par_1_45' title="bbox 207 4458 1805 4529">
     <span class='ocr_line' id='line_1_45' title="bbox 207 4458 1805 4529; baseline -0.002 -16"><span class='ocrx_word' id='word_1_329' title='bbox 207 4459 348 4513; x_wconf 90' lang='lat' dir='ltr'><strong>inter</strong></span> <span class='ocrx_word' id='word_1_330' title='bbox 373 4467 450 4512; x_wconf 92' lang='lat' dir='ltr'><strong>tot</strong></span> <span class='ocrx_word' id='word_1_331' title='bbox 478 4458 669 4526; x_wconf 80' lang='lat' dir='ltr'><strong>impios</strong></span> <span class='ocrx_word' id='word_1_332' title='bbox 707 4475 768 4513; x_wconf 90' lang='lat' dir='ltr'><strong>ac</strong></span> <span class='ocrx_word' id='word_1_333' title='bbox 798 4458 1054 4513; x_wconf 88' lang='lat' dir='ltr'><strong>barbaros</strong></span> <span class='ocrx_word' id='word_1_334' title='bbox 1095 4459 1245 4513; x_wconf 90' lang='lat' dir='ltr'><strong>solus</strong></span> <span class='ocrx_word' id='word_1_335' title='bbox 1285 4459 1537 4529; x_wconf 82' lang='lat' dir='ltr'><strong>pietatem</strong></span> <span class='ocrx_word' id='word_1_336' title='bbox 1583 4458 1805 4522; x_wconf 84' lang='lat' dir='ltr'><strong>coleret,</strong></span> 
     </span>
    </p>
   </div>
   <div class='ocr_carea' id='block_1_46' title="bbox 206 4548 1804 4621">
    <p class='ocr_par' dir='ltr' id='par_1_46' title="bbox 206 4548 1804 4621">
     <span class='ocr_line' id='line_1_46' title="bbox 206 4548 1804 4621; baseline 0.001 -18"><span class='ocrx_word' id='word_1_337' title='bbox 206 4548 313 4604; x_wconf 89' lang='lat' dir='ltr'><strong>hoc</strong></span> <span class='ocrx_word' id='word_1_338' title='bbox 341 4563 468 4604; x_wconf 89' lang='lat' dir='ltr'><strong>sane</strong></span> <span class='ocrx_word' id='word_1_339' title='bbox 495 4550 780 4616; x_wconf 78' lang='lat' dir='ltr'><strong>incertum,</strong></span> <span class='ocrx_word' id='word_1_340' title='bbox 810 4562 867 4604; x_wconf 91' lang='lat' dir='ltr'><strong>ut</strong></span> <span class='ocrx_word' id='word_1_341' title='bbox 897 4551 1098 4621; x_wconf 89' lang='lat' dir='ltr'><strong>reliqua</strong></span> <span class='ocrx_word' id='word_1_342' title='bbox 1125 4553 1520 4621; x_wconf 90' lang='lat' dir='ltr'><strong>obscurumque</strong></span> <span class='ocrx_word' id='word_1_343' title='bbox 1549 4566 1654 4606; x_wconf 89' lang='lat' dir='ltr'><strong>non</strong></span> <span class='ocrx_word' id='word_1_344' title='bbox 1684 4561 1766 4606; x_wconf 91' lang='lat' dir='ltr'><strong>est</strong></span> <span class='ocrx_word' id='word_1_345' title='bbox 1793 4569 1804 4604; x_wconf 95' lang='lat'>:</span> 
     </span>
    </p>
   </div>
   <div class='ocr_carea' id='block_1_47' title="bbox 207 4640 1803 4713">
    <p class='ocr_par' dir='ltr' id='par_1_47' title="bbox 207 4640 1803 4713">
     <span class='ocr_line' id='line_1_47' title="bbox 207 4640 1803 4713; baseline 0 -18"><span class='ocrx_word' id='word_1_346' title='bbox 207 4641 319 4695; x_wconf 91' lang='lat' dir='ltr'><strong>imo</strong></span> <span class='ocrx_word' id='word_1_347' title='bbox 341 4640 392 4694; x_wconf 91' lang='lat' dir='ltr'><strong>id</strong></span> <span class='ocrx_word' id='word_1_348' title='bbox 422 4640 846 4710; x_wconf 83' lang='lat' dir='ltr'><strong>insipientissimi</strong></span> <span class='ocrx_word' id='word_1_349' title='bbox 873 4658 1086 4712; x_wconf 87' lang='lat' dir='ltr'><strong>quoque</strong></span> <span class='ocrx_word' id='word_1_350' title='bbox 1137 4642 1292 4697; x_wconf 81' lang='lat' dir='ltr'><strong>facile</strong></span> <span class='ocrx_word' id='word_1_351' title='bbox 1337 4642 1640 4713; x_wconf 86' lang='lat' dir='ltr'><strong>conjectare</strong></span> <span class='ocrx_word' id='word_1_352' title='bbox 1683 4659 1803 4712; x_wconf 91' lang='lat' dir='ltr'><strong>pos-</strong></span> 
     </span>
    </p>
   </div>
   <div class='ocr_carea' id='block_1_48' title="bbox 205 4731 1809 4804">
    <p class='ocr_par' dir='ltr' id='par_1_48' title="bbox 205 4731 1809 4804">
     <span class='ocr_line' id='line_1_48' title="bbox 205 4731 1809 4804; baseline -0.001 -18"><span class='ocrx_word' id='word_1_353' title='bbox 205 4733 337 4786; x_wconf 84' lang='lat' dir='ltr'><strong>sint.</strong></span> <span class='ocrx_word' id='word_1_354' title='bbox 371 4731 567 4787; x_wconf 86' lang='lat' dir='ltr'><strong>Verum</strong></span> <span class='ocrx_word' id='word_1_355' title='bbox 613 4732 712 4788; x_wconf 90' lang='lat' dir='ltr'><strong>ista</strong></span> <span class='ocrx_word' id='word_1_356' title='bbox 757 4749 971 4804; x_wconf 91' lang='lat' dir='ltr'><strong>quoque</strong></span> <span class='ocrx_word' id='word_1_357' title='bbox 1001 4733 1161 4787; x_wconf 85' lang='lat' dir='ltr'><strong>modo</strong></span> <span class='ocrx_word' id='word_1_358' title='bbox 1187 4735 1518 4799; x_wconf 86' lang='lat' dir='ltr'><strong>omittamus,</strong></span> <span class='ocrx_word' id='word_1_359' title='bbox 1553 4743 1712 4804; x_wconf 86' lang='lat' dir='ltr'><strong>atque</strong></span> <span class='ocrx_word' id='word_1_360' title='bbox 1740 4732 1809 4786; x_wconf 92' lang='lat' dir='ltr'><strong>ah</strong></span> 
     </span>
    </p>
   </div>
   <div class='ocr_carea' id='block_1_49' title="bbox 208 4823 1808 4896">
    <p class='ocr_par' dir='ltr' id='par_1_49' title="bbox 208 4823 1808 4896">
     <span class='ocr_line' id='line_1_49' title="bbox 208 4823 1808 4896; baseline 0 -18"><span class='ocrx_word' id='word_1_361' title='bbox 208 4823 378 4893; x_wconf 86' lang='lat' dir='ltr'><strong>ipsius</strong></span> <span class='ocrx_word' id='word_1_362' title='bbox 426 4824 857 4896; x_wconf 86' lang='lat' dir='ltr'><strong>peregrinatione</strong></span> <span class='ocrx_word' id='word_1_363' title='bbox 895 4826 1192 4891; x_wconf 89' lang='lat' dir='ltr'><strong>ordiamur,</strong></span> <span class='ocrx_word' id='word_1_364' title='bbox 1247 4825 1377 4878; x_wconf 92' lang='lat' dir='ltr'><strong>illud</strong></span> <span class='ocrx_word' id='word_1_365' title='bbox 1419 4826 1592 4894; x_wconf 91' lang='lat' dir='ltr'><strong>primo</strong></span> <span class='ocrx_word' id='word_1_366' title='bbox 1636 4824 1808 4895; x_wconf 54' lang='lat' dir='ltr'><strong>inqui.</strong></span> 
     </span>
    </p>
   </div>
   <div class='ocr_carea' id='block_1_50' title="bbox 205 4915 1807 4986">
    <p class='ocr_par' dir='ltr' id='par_1_50' title="bbox 205 4915 1807 4986">
     <span class='ocr_line' id='line_1_50' title="bbox 205 4915 1807 4986; baseline 0 -16"><span class='ocrx_word' id='word_1_367' title='bbox 205 4924 394 4970; x_wconf 88' lang='lat' dir='ltr'><strong>rentes</strong></span> <span class='ocrx_word' id='word_1_368' title='bbox 422 4915 748 4984; x_wconf 89' lang='lat' dir='ltr'><strong>diligentius,</strong></span> <span class='ocrx_word' id='word_1_369' title='bbox 776 4927 976 4986; x_wconf 89' lang='lat' dir='ltr'><strong>quanto</strong></span> <span class='ocrx_word' id='word_1_370' title='bbox 1002 4917 1205 4971; x_wconf 87' lang='lat' dir='ltr'><strong>itineris</strong></span> <span class='ocrx_word' id='word_1_371' title='bbox 1234 4917 1407 4986; x_wconf 87' lang='lat' dir='ltr'><strong>spatio</strong></span> <span class='ocrx_word' id='word_1_372' title='bbox 1437 4915 1807 4972; x_wconf 72' lang='lat' dir='ltr'><strong>Chaldzcorum</strong></span> 
     </span>
    </p>
   </div>
   <div class='ocr_carea' id='block_1_51' title="bbox 209 4989 1808 5078">
    <p class='ocr_par' dir='ltr' id='par_1_51' title="bbox 209 4989 1808 5078">
     <span class='ocr_line' id='line_1_51' title="bbox 209 4989 1808 5078; baseline 0.004 -18"><span class='ocrx_word' id='word_1_373' title='bbox 209 5016 354 5061; x_wconf 89' lang='lat' dir='ltr'><strong>terra</strong></span> <span class='ocrx_word' id='word_1_374' title='bbox 378 5021 406 5060; x_wconf 90' lang='lat' dir='ltr'><strong>a</strong></span> <span class='ocrx_word' id='word_1_375' title='bbox 438 5006 719 5062; x_wconf 69' lang='lat' dir='ltr'><strong>Palmstiua</strong></span> <span class='ocrx_word' id='word_1_376' title='bbox 746 5009 928 5073; x_wconf 88' lang='lat' dir='ltr'><strong>distet,</strong></span> <span class='ocrx_word' id='word_1_377' title='bbox 950 5017 1041 5062; x_wconf 88' lang='lat' dir='ltr'><strong>aut</strong></span> <span class='ocrx_word' id='word_1_378' title='bbox 1064 5025 1307 5078; x_wconf 71' lang='lat' dir='ltr'><strong>quaenam</strong></span> <span class='ocrx_word' id='word_1_379' title='bbox 1339 5009 1498 5064; x_wconf 83' lang='lat' dir='ltr'><strong>fuerit</strong></span> <span class='ocrx_word' id='word_1_380' title='bbox 1523 5009 1622 5064; x_wconf 70' lang='lat' dir='ltr'><strong>via:</strong></span> <span class='ocrx_word' id='word_1_381' title='bbox 1666 4989 1808 5066; x_wconf 78' lang='lat' dir='ltr'><strong>illius</strong></span> 
     </span>
    </p>
   </div>
   <div class='ocr_carea' id='block_1_52' title="bbox 205 5097 1810 5172">
    <p class='ocr_par' dir='ltr' id='par_1_52' title="bbox 205 5097 1810 5172">
     <span class='ocr_line' id='line_1_52' title="bbox 205 5097 1810 5172; baseline 0.002 -21"><span class='ocrx_word' id='word_1_382' title='bbox 205 5097 467 5165; x_wconf 90' lang='lat' dir='ltr'><strong>conditio,</strong></span> <span class='ocrx_word' id='word_1_383' title='bbox 489 5099 757 5168; x_wconf 90' lang='lat' dir='ltr'><strong>quomodo</strong></span> <span class='ocrx_word' id='word_1_384' title='bbox 783 5109 909 5153; x_wconf 87' lang='lat' dir='ltr'><strong>tunc</strong></span> <span class='ocrx_word' id='word_1_385' title='bbox 926 5098 1026 5153; x_wconf 88' lang='lat' dir='ltr'><strong>sibi</strong></span> <span class='ocrx_word' id='word_1_386' title='bbox 1056 5099 1267 5155; x_wconf 87' lang='lat' dir='ltr'><strong>misceri</strong></span> <span class='ocrx_word' id='word_1_387' title='bbox 1291 5101 1363 5155; x_wconf 88' lang='lat' dir='ltr'><strong>illi</strong></span> <span class='ocrx_word' id='word_1_388' title='bbox 1382 5102 1669 5170; x_wconf 89' lang='lat' dir='ltr'><strong>potuerint,</strong></span> <span class='ocrx_word' id='word_1_389' title='bbox 1689 5103 1810 5172; x_wconf 87' lang='lat' dir='ltr'><strong>quis</strong></span> 
     </span>
    </p>
   </div>
   <div class='ocr_carea' id='block_1_53' title="bbox 206 5184 1810 5273">
    <p class='ocr_par' dir='ltr' id='par_1_53' title="bbox 206 5184 1810 5273">
     <span class='ocr_line' id='line_1_53' title="bbox 206 5184 1810 5273; baseline 0.002 -29"><span class='ocrx_word' id='word_1_390' title='bbox 206 5189 369 5245; x_wconf 79' lang='lat' dir='ltr'><strong>fuerit</strong></span> <span class='ocrx_word' id='word_1_391' title='bbox 413 5184 625 5245; x_wconf 82' lang='lat' dir='ltr'><strong>vivendi</strong></span> <span class='ocrx_word' id='word_1_392' title='bbox 683 5191 894 5246; x_wconf 88' lang='lat' dir='ltr'><strong>modus.</strong></span> <span class='ocrx_word' id='word_1_393' title='bbox 938 5191 1056 5247; x_wconf 84' lang='lat' dir='ltr'><strong>Non</strong></span> <span class='ocrx_word' id='word_1_394' title='bbox 1104 5193 1248 5248; x_wconf 87' lang='lat' dir='ltr'><strong>enim</strong></span> <span class='ocrx_word' id='word_1_395' title='bbox 1306 5193 1428 5263; x_wconf 87' lang='lat' dir='ltr'><strong>quia</strong></span> <span class='ocrx_word' id='word_1_396' title='bbox 1478 5192 1631 5248; x_wconf 88' lang='lat' dir='ltr'><strong>facile</strong></span> <span class='ocrx_word' id='word_1_397' title='bbox 1683 5203 1810 5273; x_wconf 77' lang='lat' dir='ltr'><strong>tunc</strong></span> 
     </span>
    </p>
   </div>
   <div class='ocr_carea' id='block_1_54' title="bbox 205 5281 1808 5358">
    <p class='ocr_par' dir='ltr' id='par_1_54' title="bbox 205 5281 1808 5358">
     <span class='ocr_line' id='line_1_54' title="bbox 205 5281 1808 5358; baseline 0.006 -24"><span class='ocrx_word' id='word_1_398' title='bbox 205 5283 382 5354; x_wconf 80' lang='lat' dir='ltr'><strong>justus</strong></span> <span class='ocrx_word' id='word_1_399' title='bbox 408 5281 496 5337; x_wconf 90' lang='lat' dir='ltr'><strong>ille</strong></span> <span class='ocrx_word' id='word_1_400' title='bbox 524 5282 780 5348; x_wconf 91' lang='lat' dir='ltr'><strong>obedivit,</strong></span> <span class='ocrx_word' id='word_1_401' title='bbox 804 5300 891 5340; x_wconf 89' lang='lat' dir='ltr'><strong>res</strong></span> <span class='ocrx_word' id='word_1_402' title='bbox 916 5285 1036 5340; x_wconf 90' lang='lat' dir='ltr'><strong>ideo</strong></span> <span class='ocrx_word' id='word_1_403' title='bbox 1059 5285 1228 5341; x_wconf 88' lang='lat' dir='ltr'><strong>facilis</strong></span> <span class='ocrx_word' id='word_1_404' title='bbox 1249 5287 1611 5352; x_wconf 82' lang='lat' dir='ltr'><strong>existimetur;</strong></span> <span class='ocrx_word' id='word_1_405' title='bbox 1634 5301 1808 5358; x_wconf 89' lang='lat' dir='ltr'><strong>neque</strong></span> 
     </span>
    </p>
   </div>
   <div class='ocr_carea' id='block_1_55' title="bbox 204 5373 1803 5449">
    <p class='ocr_par' dir='ltr' id='par_1_55' title="bbox 204 5373 1803 5449">
     <span class='ocr_line' id='line_1_55' title="bbox 204 5373 1803 5449; baseline 0.005 -23"><span class='ocrx_word' id='word_1_406' title='bbox 204 5373 462 5444; x_wconf 89' lang='lat' dir='ltr'><strong>quoniam</strong></span> <span class='ocrx_word' id='word_1_407' title='bbox 490 5373 726 5429; x_wconf 85' lang='lat' dir='ltr'><strong>breviter</strong></span> <span class='ocrx_word' id='word_1_408' title='bbox 752 5375 925 5432; x_wconf 81' lang='lat' dir='ltr'><strong>Moses</strong></span> <span class='ocrx_word' id='word_1_409' title='bbox 964 5378 1043 5432; x_wconf 91' lang='lat' dir='ltr'><strong>rei</strong></span> <span class='ocrx_word' id='word_1_410' title='bbox 1069 5391 1235 5448; x_wconf 77' lang='lat' dir='ltr'><strong>gesne</strong></span> <span class='ocrx_word' id='word_1_411' title='bbox 1271 5378 1496 5449; x_wconf 82' lang='lat' dir='ltr'><strong>digessit</strong></span> <span class='ocrx_word' id='word_1_412' title='bbox 1537 5379 1803 5446; x_wconf 89' lang='lat' dir='ltr'><strong>ordinem,</strong></span> 
     </span>
    </p>
   </div>
   <div class='ocr_carea' id='block_1_56' title="bbox 205 5463 1806 5539">
    <p class='ocr_par' dir='ltr' id='par_1_56' title="bbox 205 5463 1806 5539">
     <span class='ocr_line' id='line_1_56' title="bbox 205 5463 1806 5539; baseline 0.006 -22"><span class='ocrx_word' id='word_1_413' title='bbox 205 5477 344 5532; x_wconf 87' lang='lat' dir='ltr'><strong>opus</strong></span> <span class='ocrx_word' id='word_1_414' title='bbox 391 5465 564 5534; x_wconf 86' lang='lat' dir='ltr'><strong>ipsum</strong></span> <span class='ocrx_word' id='word_1_415' title='bbox 613 5465 898 5522; x_wconf 85' lang='lat' dir='ltr'><strong>verborum</strong></span> <span class='ocrx_word' id='word_1_416' title='bbox 948 5467 1262 5524; x_wconf 81' lang='lat' dir='ltr'><strong>brevitatem</strong></span> <span class='ocrx_word' id='word_1_417' title='bbox 1312 5463 1464 5539; x_wconf 83' lang='lat' dir='ltr'><strong>putes</strong></span> <span class='ocrx_word' id='word_1_418' title='bbox 1493 5469 1806 5526; x_wconf 87' lang='lat' dir='ltr'><strong>imitatum:</strong></span> 
     </span>
    </p>
   </div>
   <div class='ocr_carea' id='block_1_57' title="bbox 207 5553 1808 5634">
    <p class='ocr_par' dir='ltr' id='par_1_57' title="bbox 207 5553 1808 5634">
     <span class='ocr_line' id='line_1_57' title="bbox 207 5553 1808 5634; baseline 0.006 -24"><span class='ocrx_word' id='word_1_419' title='bbox 207 5553 312 5610; x_wconf 87' lang='lat' dir='ltr'><strong>ista</strong></span> <span class='ocrx_word' id='word_1_420' title='bbox 337 5559 479 5609; x_wconf 90' lang='lat' dir='ltr'><strong>enim</strong></span> <span class='ocrx_word' id='word_1_421' title='bbox 507 5556 688 5613; x_wconf 91' lang='lat' dir='ltr'><strong>dicere</strong></span> <span class='ocrx_word' id='word_1_422' title='bbox 717 5568 772 5615; x_wconf 92' lang='lat' dir='ltr'><strong>et</strong></span> <span class='ocrx_word' id='word_1_423' title='bbox 803 5575 1024 5616; x_wconf 89' lang='lat' dir='ltr'><strong>narrare</strong></span> <span class='ocrx_word' id='word_1_424' title='bbox 1050 5560 1365 5617; x_wconf 80' lang='lat' dir='ltr'><strong>facillimum</strong></span> <span class='ocrx_word' id='word_1_425' title='bbox 1393 5571 1495 5630; x_wconf 88' lang='lat' dir='ltr'><strong>est,</strong></span> <span class='ocrx_word' id='word_1_426' title='bbox 1529 5579 1688 5634; x_wconf 90' lang='lat' dir='ltr'><strong>agere</strong></span> <span class='ocrx_word' id='word_1_427' title='bbox 1713 5580 1808 5619; x_wconf 87' lang='lat' dir='ltr'><strong>au-</strong></span> 
     </span>
    </p>
   </div>
   <div class='ocr_carea' id='block_1_58' title="bbox 209 5650 1810 5729">
    <p class='ocr_par' dir='ltr' id='par_1_58' title="bbox 209 5650 1810 5729">
     <span class='ocr_line' id='line_1_58' title="bbox 209 5650 1810 5729; baseline 0.006 -25"><span class='ocrx_word' id='word_1_428' title='bbox 209 5658 317 5706; x_wconf 88' lang='lat' dir='ltr'><strong>tem</strong></span> <span class='ocrx_word' id='word_1_429' title='bbox 355 5650 556 5706; x_wconf 87' lang='lat' dir='ltr'><strong>laboris</strong></span> <span class='ocrx_word' id='word_1_430' title='bbox 603 5652 1041 5725; x_wconf 84' lang='lat' dir='ltr'><strong>difﬁcultatisque</strong></span> <span class='ocrx_word' id='word_1_431' title='bbox 1083 5655 1474 5725; x_wconf 89' lang='lat' dir='ltr'><strong>plenissimum.</strong></span> <span class='ocrx_word' id='word_1_432' title='bbox 1508 5657 1620 5713; x_wconf 71' lang='lat' dir='ltr'><strong>Via:</strong></span> <span class='ocrx_word' id='word_1_433' title='bbox 1649 5658 1810 5729; x_wconf 82' lang='lat' dir='ltr'><strong>igitur</strong></span> 
     </span>
    </p>
   </div>
   <div class='ocr_carea' id='block_1_59' title="bbox 207 5745 1805 5822">
    <p class='ocr_par' dir='ltr' id='par_1_59' title="bbox 207 5745 1805 5822">
     <span class='ocr_line' id='line_1_59' title="bbox 207 5745 1805 5822; baseline 0.004 -22"><span class='ocrx_word' id='word_1_434' title='bbox 207 5745 361 5800; x_wconf 85' lang='lat' dir='ltr'><strong>istius</strong></span> <span class='ocrx_word' id='word_1_435' title='bbox 387 5745 774 5814; x_wconf 71' lang='lat' dir='ltr'><strong>longitudinem</strong></span> <span class='ocrx_word' id='word_1_436' title='bbox 818 5748 1204 5818; x_wconf 82' lang='lat' dir='ltr'><strong>regionumque</strong></span> <span class='ocrx_word' id='word_1_437' title='bbox 1242 5749 1692 5822; x_wconf 82' lang='lat' dir='ltr'><strong>intercapedinem</strong></span> <span class='ocrx_word' id='word_1_438' title='bbox 1721 5751 1805 5808; x_wconf 84' lang='lat' dir='ltr'><strong>di-</strong></span> 
     </span>
    </p>
   </div>
   <div class='ocr_carea' id='block_1_60' title="bbox 259 5857 1313 5926">
    <p class='ocr_par' dir='ltr' id='par_1_60' title="bbox 259 5857 1313 5926">
     <span class='ocr_line' id='line_1_60' title="bbox 259 5857 1313 5926; baseline 0.002 -17"><span class='ocrx_word' id='word_1_439' title='bbox 259 5857 276 5888; x_wconf 78' lang='grc'>⁸</span> <span class='ocrx_word' id='word_1_440' title='bbox 310 5857 393 5909; x_wconf 90' lang='lat' dir='ltr'><strong>Sic</strong></span> <span class='ocrx_word' id='word_1_441' title='bbox 424 5859 558 5909; x_wconf 82' lang='lat' dir='ltr'><strong>colb.</strong></span> <span class='ocrx_word' id='word_1_442' title='bbox 574 5872 591 5920; x_wconf 76' lang='lat'><em>3</em></span> <span class='ocrx_word' id='word_1_443' title='bbox 611 5859 701 5910; x_wconf 87' lang='lat' dir='ltr'><strong>sed</strong></span> <span class='ocrx_word' id='word_1_444' title='bbox 724 5860 861 5910; x_wconf 84' lang='lat' dir='ltr'><strong>Savil.</strong></span> <span class='ocrx_word' id='word_1_445' title='bbox 891 5859 1139 5925; x_wconf 65' lang='lat' dir='ltr'><strong>etstorcl.,</strong></span> <span class='ocrx_word' id='word_1_446' title='bbox 1165 5863 1313 5926; x_wconf 73' lang='lat' dir='ltr'><strong>fame.</strong></span> 
     </span>
    </p>
   </div>
   <div class='ocr_carea' id='block_1_61' title="bbox 1035 383 2642 462">
    <p class='ocr_par' dir='ltr' id='par_1_61' title="bbox 1035 383 2642 462">
     <span class='ocr_line' id='line_1_61' title="bbox 1035 383 2642 462; baseline -0.012 0"><span class='ocrx_word' id='word_1_447' title='bbox 1035 405 1124 462; x_wconf 74' lang='lat' dir='ltr'><strong>At.</strong></span> <span class='ocrx_word' id='word_1_448' title='bbox 1169 383 1535 462; x_wconf 48' lang='grc' dir='ltr'><strong>’Ἴσα-νῆ’</strong></span> <span class='ocrx_word' id='word_1_449' title='bbox 1584 403 1616 449; x_wconf 71' lang='grc' dir='ltr'><strong>Α</strong></span> <span class='ocrx_word' id='word_1_450' title='bbox 1665 390 1964 455; x_wconf 56' lang='lat' dir='ltr'><strong>omnem;</strong></span> <span class='ocrx_word' id='word_1_451' title='bbox 2011 389 2360 448; x_wconf 73' lang='lat' dir='ltr'><strong>vnxnun.</strong></span> <span class='ocrx_word' id='word_1_452' title='bbox 2407 389 2534 446; x_wconf 83' lang='lat' dir='ltr'><strong>un.</strong></span> <span class='ocrx_word' id='word_1_453' title='bbox 2577 389 2642 444; x_wconf 82' lang='grc' dir='ltr'><strong>ιι.</strong></span> 
     </span>
    </p>
   </div>
   <div class='ocr_carea' id='block_1_62' title="bbox 3402 383 3508 441">
    <p class='ocr_par' dir='ltr' id='par_1_62' title="bbox 3402 383 3508 441">
     <span class='ocr_line' id='line_1_62' title="bbox 3402 383 3508 441; baseline 0.038 -4"><span class='ocrx_word' id='word_1_454' title='bbox 3402 383 3508 441; x_wconf 74' lang='grc'><strong>458</strong></span> 
     </span>
    </p>
   </div>
   <div class='ocr_carea' id='block_1_63' title="bbox 1905 495 3508 575">
    <p class='ocr_par' dir='ltr' id='par_1_63' title="bbox 1905 495 3508 575">
     <span class='ocr_line' id='line_1_63' title="bbox 1905 495 3508 575; baseline -0.003 -16"><span class='ocrx_word' id='word_1_455' title='bbox 1905 504 2156 575; x_wconf 85' lang='lat' dir='ltr'><strong>ligentius</strong></span> <span class='ocrx_word' id='word_1_456' title='bbox 2183 503 2337 559; x_wconf 88' lang='lat' dir='ltr'><strong>nobis</strong></span> <span class='ocrx_word' id='word_1_457' title='bbox 2361 518 2614 560; x_wconf 87' lang='lat' dir='ltr'><strong>enarrare</strong></span> <span class='ocrx_word' id='word_1_458' title='bbox 2639 509 2858 572; x_wconf 90' lang='lat' dir='ltr'><strong>possent</strong></span> <span class='ocrx_word' id='word_1_459' title='bbox 2887 501 2976 572; x_wconf 91' lang='lat' dir='ltr'><strong>qui</strong></span> <span class='ocrx_word' id='word_1_460' title='bbox 3008 499 3131 556; x_wconf 86' lang='lat' dir='ltr'><strong>inde</strong></span> <span class='ocrx_word' id='word_1_461' title='bbox 3157 498 3225 555; x_wconf 87' lang='lat' dir='ltr'><strong>ad</strong></span> <span class='ocrx_word' id='word_1_462' title='bbox 3255 495 3355 555; x_wconf 80' lang='lat' dir='ltr'><strong>nos</strong></span> <span class='ocrx_word' id='word_1_463' title='bbox 3380 513 3508 571; x_wconf 80' lang='lat' dir='ltr'><strong>per-</strong></span> 
     </span>
    </p>
   </div>
   <div class='ocr_carea' id='block_1_64' title="bbox 1904 589 3504 665">
    <p class='ocr_par' dir='ltr' id='par_1_64' title="bbox 1904 589 3504 665">
     <span class='ocr_line' id='line_1_64' title="bbox 1904 589 3504 665; baseline 0 -19"><span class='ocrx_word' id='word_1_464' title='bbox 1904 596 2201 661; x_wconf 82' lang='lat' dir='ltr'><strong>venissent,</strong></span> <span class='ocrx_word' id='word_1_465' title='bbox 2235 596 2282 650; x_wconf 87' lang='lat' dir='ltr'><strong>si</strong></span> <span class='ocrx_word' id='word_1_466' title='bbox 2309 594 2527 665; x_wconf 87' lang='lat' dir='ltr'><strong>quidem</strong></span> <span class='ocrx_word' id='word_1_467' title='bbox 2558 592 2650 649; x_wconf 90' lang='lat' dir='ltr'><strong>ulli</strong></span> <span class='ocrx_word' id='word_1_468' title='bbox 2683 593 2814 648; x_wconf 83' lang='lat' dir='ltr'><strong>tales</strong></span> <span class='ocrx_word' id='word_1_469' title='bbox 2834 599 3016 648; x_wconf 85' lang='lat' dir='ltr'><strong>essent</strong></span> <span class='ocrx_word' id='word_1_470' title='bbox 3045 608 3062 646; x_wconf 89' lang='lat'><strong>:</strong></span> <span class='ocrx_word' id='word_1_471' title='bbox 3093 606 3217 646; x_wconf 88' lang='lat' dir='ltr'><strong>nam</strong></span> <span class='ocrx_word' id='word_1_472' title='bbox 3247 589 3504 646; x_wconf 85' lang='lat' dir='ltr'><strong>hactenus</strong></span> 
     </span>
    </p>
   </div>
   <div class='ocr_carea' id='block_1_65' title="bbox 1903 681 3508 755">
    <p class='ocr_par' dir='ltr' id='par_1_65' title="bbox 1903 681 3508 755">
     <span class='ocr_line' id='line_1_65' title="bbox 1903 681 3508 755; baseline -0.002 -16"><span class='ocrx_word' id='word_1_473' title='bbox 1903 684 2116 740; x_wconf 84' lang='lat' dir='ltr'><strong>illorum</strong></span> <span class='ocrx_word' id='word_1_474' title='bbox 2163 685 2365 740; x_wconf 90' lang='lat' dir='ltr'><strong>nemini</strong></span> <span class='ocrx_word' id='word_1_475' title='bbox 2407 685 2682 755; x_wconf 84' lang='lat' dir='ltr'><strong>congressi</strong></span> <span class='ocrx_word' id='word_1_476' title='bbox 2726 699 2942 751; x_wconf 89' lang='lat' dir='ltr'><strong>sumus;</strong></span> <span class='ocrx_word' id='word_1_477' title='bbox 2984 689 3149 738; x_wconf 88' lang='lat' dir='ltr'><strong>unum</strong></span> <span class='ocrx_word' id='word_1_478' title='bbox 3181 698 3311 737; x_wconf 84' lang='lat' dir='ltr'><strong>vero</strong></span> <span class='ocrx_word' id='word_1_479' title='bbox 3341 696 3406 737; x_wconf 83' lang='lat' dir='ltr'><strong>ex</strong></span> <span class='ocrx_word' id='word_1_480' title='bbox 3440 681 3508 736; x_wconf 82' lang='lat' dir='ltr'><strong>its</strong></span> 
     </span>
    </p>
   </div>
   <div class='ocr_carea' id='block_1_66' title="bbox 1902 759 3510 846">
    <p class='ocr_par' dir='ltr' id='par_1_66' title="bbox 1902 759 3510 846">
     <span class='ocr_line' id='line_1_66' title="bbox 1902 759 3510 846; baseline -0.001 -18"><span class='ocrx_word' id='word_1_481' title='bbox 1902 774 1994 845; x_wconf 89' lang='lat' dir='ltr'><strong>qui</strong></span> <span class='ocrx_word' id='word_1_482' title='bbox 2024 791 2087 830; x_wconf 78' lang='lat' dir='ltr'><strong>ex</strong></span> <span class='ocrx_word' id='word_1_483' title='bbox 2115 759 2366 830; x_wconf 79' lang='lat' dir='ltr'><strong>citeriore</strong></span> <span class='ocrx_word' id='word_1_484' title='bbox 2399 761 2681 846; x_wconf 43' lang='lat' dir='ltr'><strong>&#39;provigcia</strong></span> <span class='ocrx_word' id='word_1_485' title='bbox 2713 772 3022 836; x_wconf 72' lang='lat' dir='ltr'><strong>adveniunt</strong></span> <span class='ocrx_word' id='word_1_486' title='bbox 3067 774 3230 840; x_wconf 90' lang='lat' dir='ltr'><strong>nacti,</strong></span> <span class='ocrx_word' id='word_1_487' title='bbox 3271 787 3394 828; x_wconf 91' lang='lat' dir='ltr'><strong>cum</strong></span> <span class='ocrx_word' id='word_1_488' title='bbox 3439 772 3510 827; x_wconf 89' lang='lat' dir='ltr'><strong>ab</strong></span> 
     </span>
    </p>
   </div>
   <div class='ocr_carea' id='block_1_67' title="bbox 1845 857 3510 937">
    <p class='ocr_par' dir='ltr' id='par_1_67' title="bbox 1845 857 3510 937">
     <span class='ocr_line' id='line_1_67' title="bbox 1845 857 3510 937; baseline -0.001 -15"><span class='ocrx_word' id='word_1_489' title='bbox 1845 871 1848 873; x_wconf 79' lang='grc'><strong>’</strong></span> <span class='ocrx_word' id='word_1_490' title='bbox 1903 866 1995 922; x_wconf 91' lang='lat' dir='ltr'><strong>illo</strong></span> <span class='ocrx_word' id='word_1_491' title='bbox 2037 866 2434 936; x_wconf 90' lang='lat' dir='ltr'><strong>inquireremus</strong></span> <span class='ocrx_word' id='word_1_492' title='bbox 2490 857 2756 937; x_wconf 89' lang='lat' dir='ltr'><strong>quantum</strong></span> <span class='ocrx_word' id='word_1_493' title='bbox 2803 865 3012 922; x_wconf 89' lang='lat' dir='ltr'><strong>itineris</strong></span> <span class='ocrx_word' id='word_1_494' title='bbox 3066 880 3229 937; x_wconf 79' lang='lat' dir='ltr'><strong>agere</strong></span> <span class='ocrx_word' id='word_1_495' title='bbox 3289 874 3510 920; x_wconf 88' lang='lat' dir='ltr'><strong>coactus</strong></span> 
     </span>
    </p>
   </div>
   <div class='ocr_carea' id='block_1_68' title="bbox 1903 956 3509 1031">
    <p class='ocr_par' dir='ltr' id='par_1_68' title="bbox 1903 956 3509 1031">
     <span class='ocr_line' id='line_1_68' title="bbox 1903 956 3509 1031; baseline -0.004 -15"><span class='ocrx_word' id='word_1_496' title='bbox 1903 969 2065 1026; x_wconf 84' lang='lat' dir='ltr'><strong>esset,</strong></span> <span class='ocrx_word' id='word_1_497' title='bbox 2097 960 2311 1031; x_wconf 82' lang='lat' dir='ltr'><strong>triginta</strong></span> <span class='ocrx_word' id='word_1_498' title='bbox 2342 969 2396 1015; x_wconf 88' lang='lat' dir='ltr'><strong>et</strong></span> <span class='ocrx_word' id='word_1_499' title='bbox 2437 960 2674 1031; x_wconf 90' lang='lat' dir='ltr'><strong>quinque</strong></span> <span class='ocrx_word' id='word_1_500' title='bbox 2715 958 2925 1014; x_wconf 90' lang='lat' dir='ltr'><strong>dierum</strong></span> <span class='ocrx_word' id='word_1_501' title='bbox 2972 973 3252 1013; x_wconf 91' lang='lat' dir='ltr'><strong>numerum</strong></span> <span class='ocrx_word' id='word_1_502' title='bbox 3297 956 3509 1011; x_wconf 88' lang='lat' dir='ltr'><strong>audivi-</strong></span> 
     </span>
    </p>
   </div>
   <div class='ocr_carea' id='block_1_69' title="bbox 1904 1046 3510 1120">
    <p class='ocr_par' dir='ltr' id='par_1_69' title="bbox 1904 1046 3510 1120">
     <span class='ocr_line' id='line_1_69' title="bbox 1904 1046 3510 1120; baseline -0.003 -15"><span class='ocrx_word' id='word_1_503' title='bbox 1904 1065 2024 1106; x_wconf 88' lang='lat' dir='ltr'><strong>mus</strong></span> <span class='ocrx_word' id='word_1_504' title='bbox 2054 1068 2067 1106; x_wconf 90' lang='lat'><strong>:</strong></span> <span class='ocrx_word' id='word_1_505' title='bbox 2100 1059 2155 1106; x_wconf 92' lang='lat' dir='ltr'><strong>et</strong></span> <span class='ocrx_word' id='word_1_506' title='bbox 2183 1051 2510 1120; x_wconf 84' lang='lat' dir='ltr'><strong>Babylonem</strong></span> <span class='ocrx_word' id='word_1_507' title='bbox 2536 1049 2752 1120; x_wconf 71' lang='lat' dir='ltr'><strong>quidem</strong></span> <span class='ocrx_word' id='word_1_508' title='bbox 2785 1048 2874 1104; x_wconf 91' lang='lat' dir='ltr'><strong>ille</strong></span> <span class='ocrx_word' id='word_1_509' title='bbox 2902 1062 3192 1118; x_wconf 87' lang='lat' dir='ltr'><strong>numquam</strong></span> <span class='ocrx_word' id='word_1_510' title='bbox 3224 1063 3282 1102; x_wconf 90' lang='lat' dir='ltr'><strong>se</strong></span> <span class='ocrx_word' id='word_1_511' title='bbox 3307 1046 3510 1101; x_wconf 85' lang='lat' dir='ltr'><strong>vidisse</strong></span> 
     </span>
    </p>
   </div>
   <div class='ocr_carea' id='block_1_70' title="bbox 1904 1137 3508 1211">
    <p class='ocr_par' dir='ltr' id='par_1_70' title="bbox 1904 1137 3508 1211">
     <span class='ocr_line' id='line_1_70' title="bbox 1904 1137 3508 1211; baseline -0.002 -15"><span class='ocrx_word' id='word_1_512' title='bbox 1904 1142 1999 1210; x_wconf 91' lang='lat' dir='ltr'><strong>ait,</strong></span> <span class='ocrx_word' id='word_1_513' title='bbox 2030 1141 2243 1198; x_wconf 88' lang='lat' dir='ltr'><strong>audisse</strong></span> <span class='ocrx_word' id='word_1_514' title='bbox 2271 1150 2448 1196; x_wconf 83' lang='lat' dir='ltr'><strong>tamen</strong></span> <span class='ocrx_word' id='word_1_515' title='bbox 2483 1138 2636 1196; x_wconf 91' lang='lat' dir='ltr'><strong>abiis</strong></span> <span class='ocrx_word' id='word_1_516' title='bbox 2661 1141 2750 1211; x_wconf 91' lang='lat' dir='ltr'><strong>qui</strong></span> <span class='ocrx_word' id='word_1_517' title='bbox 2795 1141 2866 1196; x_wconf 86' lang='lat' dir='ltr'><strong>ibi</strong></span> <span class='ocrx_word' id='word_1_518' title='bbox 2912 1140 3127 1196; x_wconf 90' lang='lat' dir='ltr'><strong>fuerant</strong></span> <span class='ocrx_word' id='word_1_519' title='bbox 3171 1137 3508 1194; x_wconf 91' lang='lat' dir='ltr'><strong>tantumdem</strong></span> 
     </span>
    </p>
   </div>
   <div class='ocr_carea' id='block_1_71' title="bbox 1905 1231 3511 1304">
    <p class='ocr_par' dir='ltr' id='par_1_71' title="bbox 1905 1231 3511 1304">
     <span class='ocr_line' id='line_1_71' title="bbox 1905 1231 3511 1304; baseline -0.002 -15"><span class='ocrx_word' id='word_1_520' title='bbox 1905 1235 2113 1289; x_wconf 89' lang='lat' dir='ltr'><strong>itineris</strong></span> <span class='ocrx_word' id='word_1_521' title='bbox 2150 1244 2355 1290; x_wconf 87' lang='lat' dir='ltr'><strong>restare</strong></span> <span class='ocrx_word' id='word_1_522' title='bbox 2370 1233 2784 1296; x_wconf 83' lang='lat' dir='ltr'><strong>conficiendum,</strong></span> <span class='ocrx_word' id='word_1_523' title='bbox 2812 1241 2870 1287; x_wconf 91' lang='lat' dir='ltr'><strong>ut</strong></span> <span class='ocrx_word' id='word_1_524' title='bbox 2892 1248 2957 1288; x_wconf 89' lang='lat' dir='ltr'><strong>eo</strong></span> <span class='ocrx_word' id='word_1_525' title='bbox 2985 1232 3379 1304; x_wconf 88' lang='lat' dir='ltr'><strong>perveniretur.</strong></span> <span class='ocrx_word' id='word_1_526' title='bbox 3412 1231 3511 1286; x_wconf 78' lang='lat' dir='ltr'><strong>At-</strong></span> 
     </span>
    </p>
   </div>
   <div class='ocr_carea' id='block_1_72' title="bbox 1905 1326 3510 1399">
    <p class='ocr_par' dir='ltr' id='par_1_72' title="bbox 1905 1326 3510 1399">
     <span class='ocr_line' id='line_1_72' title="bbox 1905 1326 3510 1399; baseline -0.002 -17"><span class='ocrx_word' id='word_1_527' title='bbox 1905 1343 2009 1398; x_wconf 91' lang='lat' dir='ltr'><strong>que</strong></span> <span class='ocrx_word' id='word_1_528' title='bbox 2062 1326 2366 1399; x_wconf 72' lang='lat' dir='ltr'><strong>huiusmodi</strong></span> <span class='ocrx_word' id='word_1_529' title='bbox 2421 1328 2675 1382; x_wconf 89' lang='lat' dir='ltr'><strong>distantia</strong></span> <span class='ocrx_word' id='word_1_530' title='bbox 2731 1326 2970 1382; x_wconf 91' lang='lat' dir='ltr'><strong>locorum</strong></span> <span class='ocrx_word' id='word_1_531' title='bbox 3023 1335 3079 1382; x_wconf 93' lang='lat' dir='ltr'><strong>et</strong></span> <span class='ocrx_word' id='word_1_532' title='bbox 3123 1335 3250 1380; x_wconf 92' lang='lat' dir='ltr'><strong>tunc</strong></span> <span class='ocrx_word' id='word_1_533' title='bbox 3296 1333 3416 1380; x_wconf 86' lang='lat' dir='ltr'><strong>erat</strong></span> <span class='ocrx_word' id='word_1_534' title='bbox 3452 1333 3510 1380; x_wconf 90' lang='lat' dir='ltr'><strong>et</strong></span> 
     </span>
    </p>
   </div>
   <div class='ocr_carea' id='block_1_73' title="bbox 1907 1415 3510 1489">
    <p class='ocr_par' dir='ltr' id='par_1_73' title="bbox 1907 1415 3510 1489">
     <span class='ocr_line' id='line_1_73' title="bbox 1907 1415 3510 1489; baseline -0.002 -15"><span class='ocrx_word' id='word_1_535' title='bbox 1907 1433 2051 1474; x_wconf 90' lang='lat' dir='ltr'><strong>nunc</strong></span> <span class='ocrx_word' id='word_1_536' title='bbox 2095 1427 2180 1474; x_wconf 92' lang='lat' dir='ltr'><strong>est</strong></span> <span class='ocrx_word' id='word_1_537' title='bbox 2213 1437 2226 1472; x_wconf 88' lang='lat'><strong>:</strong></span> <span class='ocrx_word' id='word_1_538' title='bbox 2261 1433 2424 1489; x_wconf 88' lang='lat' dir='ltr'><strong>porro</strong></span> <span class='ocrx_word' id='word_1_539' title='bbox 2467 1418 2674 1474; x_wconf 89' lang='lat' dir='ltr'><strong>itineris</strong></span> <span class='ocrx_word' id='word_1_540' title='bbox 2713 1417 2952 1473; x_wconf 89' lang='lat' dir='ltr'><strong>conditio</strong></span> <span class='ocrx_word' id='word_1_541' title='bbox 2982 1433 3088 1472; x_wconf 92' lang='lat' dir='ltr'><strong>non</strong></span> <span class='ocrx_word' id='word_1_542' title='bbox 3116 1433 3181 1473; x_wconf 87' lang='lat' dir='ltr'><strong>ea</strong></span> <span class='ocrx_word' id='word_1_543' title='bbox 3212 1415 3375 1472; x_wconf 92' lang='lat' dir='ltr'><strong>modo</strong></span> <span class='ocrx_word' id='word_1_544' title='bbox 3399 1426 3510 1485; x_wconf 89' lang='lat' dir='ltr'><strong>est,</strong></span> 
     </span>
    </p>
   </div>
   <div class='ocr_carea' id='block_1_74' title="bbox 1905 1507 3513 1581">
    <p class='ocr_par' dir='ltr' id='par_1_74' title="bbox 1905 1507 3513 1581">
     <span class='ocr_line' id='line_1_74' title="bbox 1905 1507 3513 1581; baseline -0.001 -16"><span class='ocrx_word' id='word_1_545' title='bbox 1905 1525 2026 1581; x_wconf 74' lang='lat' dir='ltr'><strong>qua:</strong></span> <span class='ocrx_word' id='word_1_546' title='bbox 2051 1517 2178 1566; x_wconf 91' lang='lat' dir='ltr'><strong>tunc</strong></span> <span class='ocrx_word' id='word_1_547' title='bbox 2206 1508 2370 1565; x_wconf 83' lang='lat' dir='ltr'><strong>fuisse</strong></span> <span class='ocrx_word' id='word_1_548' title='bbox 2397 1508 2654 1565; x_wconf 87' lang='lat' dir='ltr'><strong>creditur.</strong></span> <span class='ocrx_word' id='word_1_549' title='bbox 2689 1508 2846 1565; x_wconf 87' lang='lat' dir='ltr'><strong>Nunc</strong></span> <span class='ocrx_word' id='word_1_550' title='bbox 2889 1511 3031 1564; x_wconf 90' lang='lat' dir='ltr'><strong>enim</strong></span> <span class='ocrx_word' id='word_1_551' title='bbox 3056 1519 3112 1564; x_wconf 92' lang='lat' dir='ltr'><strong>et</strong></span> <span class='ocrx_word' id='word_1_552' title='bbox 3141 1507 3513 1564; x_wconf 82' lang='lat' dir='ltr'><strong>mansionibus</strong></span> 
     </span>
    </p>
   </div>
   <div class='ocr_carea' id='block_1_75' title="bbox 1906 1597 3511 1673">
    <p class='ocr_par' dir='ltr' id='par_1_75' title="bbox 1906 1597 3511 1673">
     <span class='ocr_line' id='line_1_75' title="bbox 1906 1597 3511 1673; baseline -0.003 -17"><span class='ocrx_word' id='word_1_553' title='bbox 1906 1601 2181 1673; x_wconf 86' lang='lat' dir='ltr'><strong>perpetuis</strong></span> <span class='ocrx_word' id='word_1_554' title='bbox 2205 1599 2516 1657; x_wconf 87' lang='lat' dir='ltr'><strong>distinctum</strong></span> <span class='ocrx_word' id='word_1_555' title='bbox 2542 1609 2646 1664; x_wconf 86' lang='lat' dir='ltr'><strong>est.</strong></span> <span class='ocrx_word' id='word_1_556' title='bbox 2667 1607 2722 1655; x_wconf 92' lang='lat' dir='ltr'><strong>et</strong></span> <span class='ocrx_word' id='word_1_557' title='bbox 2748 1599 2970 1654; x_wconf 89' lang='lat' dir='ltr'><strong>urbibus</strong></span> <span class='ocrx_word' id='word_1_558' title='bbox 2994 1613 3060 1654; x_wconf 84' lang='lat' dir='ltr'><strong>ac</strong></span> <span class='ocrx_word' id='word_1_559' title='bbox 3083 1599 3225 1658; x_wconf 89' lang='lat' dir='ltr'><strong>villis</strong></span> <span class='ocrx_word' id='word_1_560' title='bbox 3253 1597 3511 1669; x_wconf 83' lang='lat' dir='ltr'><strong>frequen-</strong></span> 
     </span>
    </p>
   </div>
   <div class='ocr_carea' id='block_1_76' title="bbox 1907 1688 3514 1762">
    <p class='ocr_par' dir='ltr' id='par_1_76' title="bbox 1907 1688 3514 1762">
     <span class='ocr_line' id='line_1_76' title="bbox 1907 1688 3514 1762; baseline -0.001 -16"><span class='ocrx_word' id='word_1_561' title='bbox 1907 1692 2050 1747; x_wconf 89' lang='lat' dir='ltr'><strong>tibus</strong></span> <span class='ocrx_word' id='word_1_562' title='bbox 2075 1700 2347 1759; x_wconf 88' lang='lat' dir='ltr'><strong>ornatum,</strong></span> <span class='ocrx_word' id='word_1_563' title='bbox 2391 1692 2736 1762; x_wconf 87' lang='lat' dir='ltr'><strong>viatoresque</strong></span> <span class='ocrx_word' id='word_1_564' title='bbox 2777 1691 3043 1762; x_wconf 80' lang='lat' dir='ltr'><strong>plurimos</strong></span> <span class='ocrx_word' id='word_1_565' title='bbox 3085 1689 3388 1757; x_wconf 70' lang='lat' dir='ltr'><strong>oﬂendunt,</strong></span> <span class='ocrx_word' id='word_1_566' title='bbox 3419 1688 3514 1761; x_wconf 89' lang='lat' dir='ltr'><strong>qui</strong></span> 
     </span>
    </p>
   </div>
   <div class='ocr_carea' id='block_1_77' title="bbox 1908 1782 3515 1856">
    <p class='ocr_par' dir='ltr' id='par_1_77' title="bbox 1908 1782 3515 1856">
     <span class='ocr_line' id='line_1_77' title="bbox 1908 1782 3515 1856; baseline -0.003 -14"><span class='ocrx_word' id='word_1_567' title='bbox 1908 1785 2035 1842; x_wconf 89' lang='lat' dir='ltr'><strong>illuc</strong></span> <span class='ocrx_word' id='word_1_568' title='bbox 2079 1784 2496 1856; x_wconf 81' lang='lat' dir='ltr'><strong>proﬁciscuntur</strong></span> <span class='ocrx_word' id='word_1_569' title='bbox 2549 1783 2691 1855; x_wconf 91' lang='lat' dir='ltr'><strong>quod</strong></span> <span class='ocrx_word' id='word_1_570' title='bbox 2739 1799 2847 1840; x_wconf 90' lang='lat' dir='ltr'><strong>non</strong></span> <span class='ocrx_word' id='word_1_571' title='bbox 2893 1783 3072 1840; x_wconf 82' lang='lat' dir='ltr'><strong>minus</strong></span> <span class='ocrx_word' id='word_1_572' title='bbox 3113 1784 3185 1840; x_wconf 82' lang='lat' dir='ltr'><strong>ad</strong></span> <span class='ocrx_word' id='word_1_573' title='bbox 3207 1782 3515 1840; x_wconf 79' lang='lat' dir='ltr'><strong>securitatis</strong></span> 
     </span>
    </p>
   </div>
   <div class='ocr_carea' id='block_1_78' title="bbox 1906 1872 3513 1948">
    <p class='ocr_par' dir='ltr' id='par_1_78' title="bbox 1906 1872 3513 1948">
     <span class='ocr_line' id='line_1_78' title="bbox 1906 1872 3513 1948; baseline -0.004 -15"><span class='ocrx_word' id='word_1_574' title='bbox 1906 1877 2172 1933; x_wconf 90' lang='lat' dir='ltr'><strong>rationem</strong></span> <span class='ocrx_word' id='word_1_575' title='bbox 2195 1877 2358 1944; x_wconf 91' lang='lat' dir='ltr'><strong>valet,</strong></span> <span class='ocrx_word' id='word_1_576' title='bbox 2382 1891 2542 1948; x_wconf 91' lang='lat' dir='ltr'><strong>quam</strong></span> <span class='ocrx_word' id='word_1_577' title='bbox 2583 1876 2916 1944; x_wconf 88' lang='lat' dir='ltr'><strong>mansiones,</strong></span> <span class='ocrx_word' id='word_1_578' title='bbox 2938 1875 3098 1932; x_wconf 85' lang='lat' dir='ltr'><strong>urbes</strong></span> <span class='ocrx_word' id='word_1_579' title='bbox 3138 1884 3301 1946; x_wconf 90' lang='lat' dir='ltr'><strong>atque</strong></span> <span class='ocrx_word' id='word_1_580' title='bbox 3347 1872 3513 1929; x_wconf 82' lang='lat' dir='ltr'><strong>vilke.</strong></span> 
     </span>
    </p>
   </div>
   <div class='ocr_carea' id='block_1_79' title="bbox 1909 1965 3518 2041">
    <p class='ocr_par' dir='ltr' id='par_1_79' title="bbox 1909 1965 3518 2041">
     <span class='ocr_line' id='line_1_79' title="bbox 1909 1965 3518 2041; baseline -0.004 -15"><span class='ocrx_word' id='word_1_581' title='bbox 1909 1967 2180 2026; x_wconf 69' lang='lat' dir='ltr'><strong>Prmterea</strong></span> <span class='ocrx_word' id='word_1_582' title='bbox 2205 1979 2261 2026; x_wconf 91' lang='lat' dir='ltr'><strong>et</strong></span> <span class='ocrx_word' id='word_1_583' title='bbox 2279 1985 2344 2024; x_wconf 80' lang='lat' dir='ltr'><strong>ex</strong></span> <span class='ocrx_word' id='word_1_584' title='bbox 2367 1968 2642 2041; x_wconf 86' lang='lat' dir='ltr'><strong>provincia</strong></span> <span class='ocrx_word' id='word_1_585' title='bbox 2670 1969 2947 2024; x_wconf 83' lang='lat' dir='ltr'><strong>civitatum</strong></span> <span class='ocrx_word' id='word_1_586' title='bbox 2975 1966 3250 2039; x_wconf 87' lang='lat' dir='ltr'><strong>principes</strong></span> <span class='ocrx_word' id='word_1_587' title='bbox 3272 1965 3518 2036; x_wconf 88' lang='lat' dir='ltr'><strong>deligunt</strong></span> 
     </span>
    </p>
   </div>
   <div class='ocr_carea' id='block_1_80' title="bbox 1909 2057 3518 2132">
    <p class='ocr_par' dir='ltr' id='par_1_80' title="bbox 1909 2057 3518 2132">
     <span class='ocr_line' id='line_1_80' title="bbox 1909 2057 3518 2132; baseline -0.001 -18"><span class='ocrx_word' id='word_1_588' title='bbox 1909 2062 2076 2129; x_wconf 89' lang='lat' dir='ltr'><strong>viros,</strong></span> <span class='ocrx_word' id='word_1_589' title='bbox 2119 2057 2362 2131; x_wconf 82' lang='lat' dir='ltr'><strong>corporis</strong></span> <span class='ocrx_word' id='word_1_590' title='bbox 2406 2060 2774 2132; x_wconf 88' lang='lat' dir='ltr'><strong>magnitudine</strong></span> <span class='ocrx_word' id='word_1_591' title='bbox 2802 2070 2856 2116; x_wconf 90' lang='lat' dir='ltr'><strong>et</strong></span> <span class='ocrx_word' id='word_1_592' title='bbox 2883 2060 3081 2115; x_wconf 89' lang='lat' dir='ltr'><strong>robore</strong></span> <span class='ocrx_word' id='word_1_593' title='bbox 3122 2058 3333 2115; x_wconf 89' lang='lat' dir='ltr'><strong>cunctis</strong></span> <span class='ocrx_word' id='word_1_594' title='bbox 3378 2074 3518 2130; x_wconf 71' lang='lat' dir='ltr'><strong>prm-</strong></span> 
     </span>
    </p>
   </div>
   <div class='ocr_carea' id='block_1_81' title="bbox 1909 2150 3510 2222">
    <p class='ocr_par' dir='ltr' id='par_1_81' title="bbox 1909 2150 3510 2222">
     <span class='ocr_line' id='line_1_81' title="bbox 1909 2150 3510 2222; baseline -0.002 -14"><span class='ocrx_word' id='word_1_595' title='bbox 1909 2153 2188 2220; x_wconf 90' lang='lat' dir='ltr'><strong>cellentes,</strong></span> <span class='ocrx_word' id='word_1_596' title='bbox 2227 2150 2514 2222; x_wconf 86' lang='lat' dir='ltr'><strong>jaculoque</strong></span> <span class='ocrx_word' id='word_1_597' title='bbox 2540 2161 2594 2208; x_wconf 93' lang='lat' dir='ltr'><strong>et</strong></span> <span class='ocrx_word' id='word_1_598' title='bbox 2620 2151 2782 2206; x_wconf 90' lang='lat' dir='ltr'><strong>funda</strong></span> <span class='ocrx_word' id='word_1_599' title='bbox 2829 2160 3033 2206; x_wconf 89' lang='lat' dir='ltr'><strong>tantum</strong></span> <span class='ocrx_word' id='word_1_600' title='bbox 3073 2151 3316 2207; x_wconf 88' lang='lat' dir='ltr'><strong>valentes</strong></span> <span class='ocrx_word' id='word_1_601' title='bbox 3339 2165 3510 2220; x_wconf 86' lang='lat' dir='ltr'><strong>quan-</strong></span> 
     </span>
    </p>
   </div>
   <div class='ocr_carea' id='block_1_82' title="bbox 1912 2237 3517 2318">
    <p class='ocr_par' dir='ltr' id='par_1_82' title="bbox 1912 2237 3517 2318">
     <span class='ocr_line' id='line_1_82' title="bbox 1912 2237 3517 2318; baseline 0 -17"><span class='ocrx_word' id='word_1_602' title='bbox 1912 2256 2022 2301; x_wconf 93' lang='lat' dir='ltr'><strong>tum</strong></span> <span class='ocrx_word' id='word_1_603' title='bbox 2053 2246 2138 2301; x_wconf 80' lang='lat' dir='ltr'><strong>vel</strong></span> <span class='ocrx_word' id='word_1_604' title='bbox 2166 2237 2426 2316; x_wconf 80' lang='lat' dir='ltr'><strong>Sagittarii</strong></span> <span class='ocrx_word' id='word_1_605' title='bbox 2447 2245 2772 2317; x_wconf 88' lang='lat' dir='ltr'><strong>sagittis,vel</strong></span> <span class='ocrx_word' id='word_1_606' title='bbox 2801 2247 2992 2301; x_wconf 89' lang='lat' dir='ltr'><strong>armati</strong></span> <span class='ocrx_word' id='word_1_607' title='bbox 3018 2246 3175 2318; x_wconf 88' lang='lat' dir='ltr'><strong>pilis;</strong></span> <span class='ocrx_word' id='word_1_608' title='bbox 3197 2245 3517 2316; x_wconf 87' lang='lat' dir='ltr'><strong>statutisque</strong></span> 
     </span>
    </p>
   </div>
   <div class='ocr_carea' id='block_1_83' title="bbox 1911 2337 3519 2409">
    <p class='ocr_par' dir='ltr' id='par_1_83' title="bbox 1911 2337 3519 2409">
     <span class='ocr_line' id='line_1_83' title="bbox 1911 2337 3519 2409; baseline -0.002 -15"><span class='ocrx_word' id='word_1_609' title='bbox 1911 2339 2137 2395; x_wconf 89' lang='lat' dir='ltr'><strong>ducibus</strong></span> <span class='ocrx_word' id='word_1_610' title='bbox 2163 2339 2357 2409; x_wconf 89' lang='lat' dir='ltr'><strong>quibus</strong></span> <span class='ocrx_word' id='word_1_611' title='bbox 2394 2339 2470 2394; x_wconf 90' lang='lat' dir='ltr'><strong>illi</strong></span> <span class='ocrx_word' id='word_1_612' title='bbox 2508 2340 2902 2408; x_wconf 88' lang='lat' dir='ltr'><strong>obtemperent,</strong></span> <span class='ocrx_word' id='word_1_613' title='bbox 2933 2339 3034 2393; x_wconf 92' lang='lat' dir='ltr'><strong>hoc</strong></span> <span class='ocrx_word' id='word_1_614' title='bbox 3062 2337 3141 2393; x_wconf 90' lang='lat' dir='ltr'><strong>eis</strong></span> <span class='ocrx_word' id='word_1_615' title='bbox 3172 2337 3391 2392; x_wconf 90' lang='lat' dir='ltr'><strong>unicum</strong></span> <span class='ocrx_word' id='word_1_616' title='bbox 3436 2337 3519 2391; x_wconf 86' lang='lat' dir='ltr'><strong>in-</strong></span> 
     </span>
    </p>
   </div>
   <div class='ocr_carea' id='block_1_84' title="bbox 1907 2430 3520 2510">
    <p class='ocr_par' dir='ltr' id='par_1_84' title="bbox 1907 2430 3520 2510">
     <span class='ocr_line' id='line_1_84' title="bbox 1907 2430 3520 2510; baseline -0.002 -23"><span class='ocrx_word' id='word_1_617' title='bbox 1907 2433 2139 2504; x_wconf 57' lang='lat' dir='ltr'><strong>jungunt</strong></span> <span class='ocrx_word' id='word_1_618' title='bbox 2165 2437 2384 2497; x_wconf 70' lang='lat' dir='ltr'><strong>manus,</strong></span> <span class='ocrx_word' id='word_1_619' title='bbox 2399 2433 2677 2503; x_wconf 89' lang='lat' dir='ltr'><strong>solamque</strong></span> <span class='ocrx_word' id='word_1_620' title='bbox 2702 2432 2908 2486; x_wconf 90' lang='lat' dir='ltr'><strong>itineris</strong></span> <span class='ocrx_word' id='word_1_621' title='bbox 2931 2430 3113 2486; x_wconf 92' lang='lat' dir='ltr'><strong>tuendi</strong></span> <span class='ocrx_word' id='word_1_622' title='bbox 3139 2445 3323 2510; x_wconf 84' lang='lat' dir='ltr'><strong>curam</strong></span> <span class='ocrx_word' id='word_1_623' title='bbox 3345 2439 3520 2485; x_wconf 90' lang='lat' dir='ltr'><strong>custo-</strong></span> 
     </span>
    </p>
   </div>
   <div class='ocr_carea' id='block_1_85' title="bbox 1911 2508 3522 2594">
    <p class='ocr_par' dir='ltr' id='par_1_85' title="bbox 1911 2508 3522 2594">
     <span class='ocr_line' id='line_1_85' title="bbox 1911 2508 3522 2594; baseline -0.001 -17"><span class='ocrx_word' id='word_1_624' title='bbox 1911 2524 2164 2592; x_wconf 89' lang='lat' dir='ltr'><strong>diamque</strong></span> <span class='ocrx_word' id='word_1_625' title='bbox 2201 2523 2537 2594; x_wconf 89' lang='lat' dir='ltr'><strong>permittunt.</strong></span> <span class='ocrx_word' id='word_1_626' title='bbox 2569 2521 2650 2577; x_wconf 86' lang='lat' dir='ltr'><strong>Ad</strong></span> <span class='ocrx_word' id='word_1_627' title='bbox 2693 2522 2808 2583; x_wconf 62' lang='lat' dir='ltr'><strong>hare</strong></span> <span class='ocrx_word' id='word_1_628' title='bbox 2835 2522 2993 2576; x_wconf 87' lang='lat' dir='ltr'><strong>aliam</strong></span> <span class='ocrx_word' id='word_1_629' title='bbox 3025 2521 3187 2592; x_wconf 90' lang='lat' dir='ltr'><strong>longe</strong></span> <span class='ocrx_word' id='word_1_630' title='bbox 3229 2508 3317 2576; x_wconf 21' lang='lat' dir='ltr'><strong>his&quot;</strong></span> <span class='ocrx_word' id='word_1_631' title='bbox 3345 2508 3522 2576; x_wconf 87' lang='lat' dir='ltr'><strong>omni-</strong></span> 
     </span>
    </p>
   </div>
   <div class='ocr_carea' id='block_1_86' title="bbox 1912 2597 3518 2685">
    <p class='ocr_par' dir='ltr' id='par_1_86' title="bbox 1912 2597 3518 2685">
     <span class='ocr_line' id='line_1_86' title="bbox 1912 2597 3518 2685; baseline 0 -16"><span class='ocrx_word' id='word_1_632' title='bbox 1912 2615 2012 2669; x_wconf 91' lang='lat' dir='ltr'><strong>bus</strong></span> <span class='ocrx_word' id='word_1_633' title='bbox 2037 2614 2430 2685; x_wconf 80' lang='lat' dir='ltr'><strong>diligentiorem</strong></span> <span class='ocrx_word' id='word_1_634' title='bbox 2456 2629 2637 2669; x_wconf 89' lang='lat' dir='ltr'><strong>curam</strong></span> <span class='ocrx_word' id='word_1_635' title='bbox 2652 2597 3355 2684; x_wconf 77' lang='lat' dir='ltr'><strong>excogitaruntJlabitacula</strong></span> <span class='ocrx_word' id='word_1_636' title='bbox 3372 2612 3518 2668; x_wconf 91' lang='lat' dir='ltr'><strong>enim</strong></span> 
     </span>
    </p>
   </div>
   <div class='ocr_carea' id='block_1_87' title="bbox 1914 2703 3519 2778">
    <p class='ocr_par' dir='ltr' id='par_1_87' title="bbox 1914 2703 3519 2778">
     <span class='ocr_line' id='line_1_87' title="bbox 1914 2703 3519 2778; baseline -0.002 -16"><span class='ocrx_word' id='word_1_637' title='bbox 1914 2707 2062 2762; x_wconf 88' lang='lat' dir='ltr'><strong>mille</strong></span> <span class='ocrx_word' id='word_1_638' title='bbox 2089 2707 2336 2778; x_wconf 88' lang='lat' dir='ltr'><strong>passibus</strong></span> <span class='ocrx_word' id='word_1_639' title='bbox 2365 2705 2432 2760; x_wconf 89' lang='lat' dir='ltr'><strong>ab</strong></span> <span class='ocrx_word' id='word_1_640' title='bbox 2460 2707 2692 2761; x_wconf 78' lang='lat' dir='ltr'><strong>invicem</strong></span> <span class='ocrx_word' id='word_1_641' title='bbox 2722 2705 2974 2762; x_wconf 88' lang='lat' dir='ltr'><strong>distincta</strong></span> <span class='ocrx_word' id='word_1_642' title='bbox 3001 2703 3191 2760; x_wconf 89' lang='lat' dir='ltr'><strong>itinere</strong></span> <span class='ocrx_word' id='word_1_643' title='bbox 3223 2713 3333 2759; x_wconf 92' lang='lat' dir='ltr'><strong>toto</strong></span> <span class='ocrx_word' id='word_1_644' title='bbox 3353 2703 3519 2758; x_wconf 78' lang='lat' dir='ltr'><strong>fabri-</strong></span> 
     </span>
    </p>
   </div>
   <div class='ocr_carea' id='block_1_88' title="bbox 1914 2797 3519 2870">
    <p class='ocr_par' dir='ltr' id='par_1_88' title="bbox 1914 2797 3519 2870">
     <span class='ocr_line' id='line_1_88' title="bbox 1914 2797 3519 2870; baseline 0 -16"><span class='ocrx_word' id='word_1_645' title='bbox 1914 2811 2120 2867; x_wconf 85' lang='lat' dir='ltr'><strong>cantes,</strong></span> <span class='ocrx_word' id='word_1_646' title='bbox 2152 2809 2444 2855; x_wconf 90' lang='lat' dir='ltr'><strong>nocturnos</strong></span> <span class='ocrx_word' id='word_1_647' title='bbox 2475 2800 2584 2855; x_wconf 91' lang='lat' dir='ltr'><strong>illic</strong></span> <span class='ocrx_word' id='word_1_648' title='bbox 2613 2808 2854 2856; x_wconf 85' lang='lat' dir='ltr'><strong>statuere</strong></span> <span class='ocrx_word' id='word_1_649' title='bbox 2882 2797 3154 2862; x_wconf 88' lang='lat' dir='ltr'><strong>custodes,</strong></span> <span class='ocrx_word' id='word_1_650' title='bbox 3174 2813 3273 2870; x_wconf 90' lang='lat' dir='ltr'><strong>per</strong></span> <span class='ocrx_word' id='word_1_651' title='bbox 3301 2799 3519 2854; x_wconf 91' lang='lat' dir='ltr'><strong>illorum</strong></span> 
     </span>
    </p>
   </div>
   <div class='ocr_carea' id='block_1_89' title="bbox 1913 2891 3520 2964">
    <p class='ocr_par' dir='ltr' id='par_1_89' title="bbox 1913 2891 3520 2964">
     <span class='ocr_line' id='line_1_89' title="bbox 1913 2891 3520 2964; baseline 0 -16"><span class='ocrx_word' id='word_1_652' title='bbox 1913 2893 2124 2948; x_wconf 90' lang='lat' dir='ltr'><strong>labores</strong></span> <span class='ocrx_word' id='word_1_653' title='bbox 2145 2901 2196 2947; x_wconf 90' lang='lat' dir='ltr'><strong>et</strong></span> <span class='ocrx_word' id='word_1_654' title='bbox 2213 2891 2420 2964; x_wconf 88' lang='lat' dir='ltr'><strong>vigilias</strong></span> <span class='ocrx_word' id='word_1_655' title='bbox 2451 2893 2742 2948; x_wconf 79' lang='lat' dir='ltr'><strong>maximum</strong></span> <span class='ocrx_word' id='word_1_656' title='bbox 2773 2900 2962 2947; x_wconf 88' lang='lat' dir='ltr'><strong>contra</strong></span> <span class='ocrx_word' id='word_1_657' title='bbox 2988 2891 3256 2947; x_wconf 87' lang='lat' dir='ltr'><strong>latronum</strong></span> <span class='ocrx_word' id='word_1_658' title='bbox 3289 2893 3520 2961; x_wconf 86' lang='lat' dir='ltr'><strong>impetus</strong></span> 
     </span>
    </p>
   </div>
   <div class='ocr_carea' id='block_1_90' title="bbox 1915 2981 3522 3040">
    <p class='ocr_par' dir='ltr' id='par_1_90' title="bbox 1915 2981 3522 3040">
     <span class='ocr_line' id='line_1_90' title="bbox 1915 2981 3522 3040; baseline 0.001 -4"><span class='ocrx_word' id='word_1_659' title='bbox 1915 2983 2188 3037; x_wconf 87' lang='lat' dir='ltr'><strong>munimen</strong></span> <span class='ocrx_word' id='word_1_660' title='bbox 2205 2982 2498 3036; x_wconf 86' lang='lat' dir='ltr'><strong>viatoribus</strong></span> <span class='ocrx_word' id='word_1_661' title='bbox 2522 2982 2932 3040; x_wconf 89' lang='lat' dir='ltr'><strong>constituentes.</strong></span> <span class='ocrx_word' id='word_1_662' title='bbox 2949 2981 3102 3037; x_wconf 90' lang='lat' dir='ltr'><strong>Tunc</strong></span> <span class='ocrx_word' id='word_1_663' title='bbox 3117 2997 3246 3037; x_wconf 92' lang='lat' dir='ltr'><strong>vero</strong></span> <span class='ocrx_word' id='word_1_664' title='bbox 3268 2982 3398 3036; x_wconf 88' lang='lat' dir='ltr'><strong>nihil</strong></span> <span class='ocrx_word' id='word_1_665' title='bbox 3419 2982 3522 3036; x_wconf 81' lang='lat' dir='ltr'><strong>bo-</strong></span> 
     </span>
    </p>
   </div>
   <div class='ocr_carea' id='block_1_91' title="bbox 1914 3079 3522 3151">
    <p class='ocr_par' dir='ltr' id='par_1_91' title="bbox 1914 3079 3522 3151">
     <span class='ocr_line' id='line_1_91' title="bbox 1914 3079 3522 3151; baseline 0.002 -17"><span class='ocrx_word' id='word_1_666' title='bbox 1914 3095 2032 3134; x_wconf 90' lang='lat' dir='ltr'><strong>rum</strong></span> <span class='ocrx_word' id='word_1_667' title='bbox 2053 3088 2191 3145; x_wconf 89' lang='lat' dir='ltr'><strong>erat,</strong></span> <span class='ocrx_word' id='word_1_668' title='bbox 2211 3095 2316 3134; x_wconf 91' lang='lat' dir='ltr'><strong>non</strong></span> <span class='ocrx_word' id='word_1_669' title='bbox 2335 3079 2473 3134; x_wconf 71' lang='lat' dir='ltr'><strong>villa:</strong></span> <span class='ocrx_word' id='word_1_670' title='bbox 2497 3088 2788 3151; x_wconf 73' lang='lat' dir='ltr'><strong>perpetuae,</strong></span> <span class='ocrx_word' id='word_1_671' title='bbox 2805 3095 2910 3136; x_wconf 90' lang='lat' dir='ltr'><strong>non</strong></span> <span class='ocrx_word' id='word_1_672' title='bbox 2937 3080 3117 3148; x_wconf 84' lang='lat' dir='ltr'><strong>urbes,</strong></span> <span class='ocrx_word' id='word_1_673' title='bbox 3138 3096 3243 3136; x_wconf 91' lang='lat' dir='ltr'><strong>non</strong></span> <span class='ocrx_word' id='word_1_674' title='bbox 3280 3081 3522 3149; x_wconf 74' lang='lat' dir='ltr'><strong>mansio-</strong></span> 
     </span>
    </p>
   </div>
   <div class='ocr_carea' id='block_1_92' title="bbox 1916 3171 3524 3244">
    <p class='ocr_par' dir='ltr' id='par_1_92' title="bbox 1916 3171 3524 3244">
     <span class='ocr_line' id='line_1_92' title="bbox 1916 3171 3524 3244; baseline 0.002 -18"><span class='ocrx_word' id='word_1_675' title='bbox 1916 3187 2034 3238; x_wconf 91' lang='lat' dir='ltr'><strong>nes,</strong></span> <span class='ocrx_word' id='word_1_676' title='bbox 2054 3186 2161 3226; x_wconf 92' lang='lat' dir='ltr'><strong>non</strong></span> <span class='ocrx_word' id='word_1_677' title='bbox 2191 3172 2510 3238; x_wconf 89' lang='lat' dir='ltr'><strong>diversoria,</strong></span> <span class='ocrx_word' id='word_1_678' title='bbox 2532 3187 2638 3226; x_wconf 92' lang='lat' dir='ltr'><strong>non</strong></span> <span class='ocrx_word' id='word_1_679' title='bbox 2669 3171 2877 3227; x_wconf 88' lang='lat' dir='ltr'><strong>itineris</strong></span> <span class='ocrx_word' id='word_1_680' title='bbox 2906 3172 3057 3238; x_wconf 88' lang='lat' dir='ltr'><strong>socii,</strong></span> <span class='ocrx_word' id='word_1_681' title='bbox 3084 3188 3188 3228; x_wconf 92' lang='lat' dir='ltr'><strong>non</strong></span> <span class='ocrx_word' id='word_1_682' title='bbox 3215 3173 3414 3244; x_wconf 89' lang='lat' dir='ltr'><strong>aliquid</strong></span> <span class='ocrx_word' id='word_1_683' title='bbox 3436 3174 3524 3230; x_wconf 87' lang='lat' dir='ltr'><strong>de-</strong></span> 
     </span>
    </p>
   </div>
   <div class='ocr_carea' id='block_1_93' title="bbox 1916 3266 3526 3338">
    <p class='ocr_par' dir='ltr' id='par_1_93' title="bbox 1916 3266 3526 3338">
     <span class='ocr_line' id='line_1_93' title="bbox 1916 3266 3526 3338; baseline 0.002 -19"><span class='ocrx_word' id='word_1_684' title='bbox 1916 3267 2077 3337; x_wconf 91' lang='lat' dir='ltr'><strong>nique</strong></span> <span class='ocrx_word' id='word_1_685' title='bbox 2108 3266 2434 3336; x_wconf 69' lang='lat' dir='ltr'><strong>huiusmodi.</strong></span> <span class='ocrx_word' id='word_1_686' title='bbox 2454 3266 2604 3321; x_wconf 87' lang='lat' dir='ltr'><strong>Libet</strong></span> <span class='ocrx_word' id='word_1_687' title='bbox 2629 3281 2772 3323; x_wconf 89' lang='lat' dir='ltr'><strong>nunc</strong></span> <span class='ocrx_word' id='word_1_688' title='bbox 2803 3267 3053 3322; x_wconf 87' lang='lat' dir='ltr'><strong>omittere</strong></span> <span class='ocrx_word' id='word_1_689' title='bbox 3077 3268 3285 3322; x_wconf 72' lang='lat' dir='ltr'><strong>semitm</strong></span> <span class='ocrx_word' id='word_1_690' title='bbox 3319 3269 3526 3338; x_wconf 88' lang='lat' dir='ltr'><strong>asperi-</strong></span> 
     </span>
    </p>
   </div>
   <div class='ocr_carea' id='block_1_94' title="bbox 1916 3358 3524 3430">
    <p class='ocr_par' dir='ltr' id='par_1_94' title="bbox 1916 3358 3524 3430">
     <span class='ocr_line' id='line_1_94' title="bbox 1916 3358 3524 3430; baseline 0.003 -19"><span class='ocrx_word' id='word_1_691' title='bbox 1916 3366 2077 3413; x_wconf 86' lang='lat' dir='ltr'><strong>tatem</strong></span> <span class='ocrx_word' id='word_1_692' title='bbox 2097 3359 2342 3428; x_wconf 88' lang='lat' dir='ltr'><strong>acrisqne</strong></span> <span class='ocrx_word' id='word_1_693' title='bbox 2360 3358 2796 3427; x_wconf 72' lang='lat' dir='ltr'><strong>inmqualitatem,</strong></span> <span class='ocrx_word' id='word_1_694' title='bbox 2818 3373 2958 3428; x_wconf 66' lang='lat' dir='ltr'><strong>quae,</strong></span> <span class='ocrx_word' id='word_1_695' title='bbox 2978 3358 3080 3414; x_wconf 89' lang='lat' dir='ltr'><strong>etsi</strong></span> <span class='ocrx_word' id='word_1_696' title='bbox 3100 3359 3277 3414; x_wconf 90' lang='lat' dir='ltr'><strong>desint</strong></span> <span class='ocrx_word' id='word_1_697' title='bbox 3296 3359 3524 3430; x_wconf 88' lang='lat' dir='ltr'><strong>alia,pcr</strong></span> 
     </span>
    </p>
   </div>
   <div class='ocr_carea' id='block_1_95' title="bbox 1914 3449 3524 3523">
    <p class='ocr_par' dir='ltr' id='par_1_95' title="bbox 1914 3449 3524 3523">
     <span class='ocr_line' id='line_1_95' title="bbox 1914 3449 3524 3523; baseline 0.001 -19"><span class='ocrx_word' id='word_1_698' title='bbox 1914 3464 1974 3504; x_wconf 91' lang='lat' dir='ltr'><strong>se</strong></span> <span class='ocrx_word' id='word_1_699' title='bbox 2001 3450 2291 3504; x_wconf 89' lang='lat' dir='ltr'><strong>viatoribus</strong></span> <span class='ocrx_word' id='word_1_700' title='bbox 2307 3457 2433 3504; x_wconf 90' lang='lat' dir='ltr'><strong>sunt</strong></span> <span class='ocrx_word' id='word_1_701' title='bbox 2467 3449 2869 3505; x_wconf 87' lang='lat' dir='ltr'><strong>molestissima.</strong></span> <span class='ocrx_word' id='word_1_702' title='bbox 2903 3450 3094 3506; x_wconf 86' lang='lat' dir='ltr'><strong>Testes</strong></span> <span class='ocrx_word' id='word_1_703' title='bbox 3123 3449 3252 3505; x_wconf 89' lang='lat' dir='ltr'><strong>mihi</strong></span> <span class='ocrx_word' id='word_1_704' title='bbox 3287 3452 3524 3523; x_wconf 83' lang='lat' dir='ltr'><strong>suntqui</strong></span> 
     </span>
    </p>
   </div>
   <div class='ocr_carea' id='block_1_96' title="bbox 1914 3532 3523 3615">
    <p class='ocr_par' dir='ltr' id='par_1_96' title="bbox 1914 3532 3523 3615">
     <span class='ocr_line' id='line_1_96' title="bbox 1914 3532 3523 3615; baseline 0.002 -21"><span class='ocrx_word' id='word_1_705' title='bbox 1914 3541 2179 3596; x_wconf 81' lang='lat' dir='ltr'><strong>vehiculis</strong></span> <span class='ocrx_word' id='word_1_706' title='bbox 2196 3541 2560 3612; x_wconf 85' lang='lat' dir='ltr'><strong>jumentisque</strong></span> <span class='ocrx_word' id='word_1_707' title='bbox 2584 3532 2870 3609; x_wconf 78' lang='lat' dir='ltr'><strong>vehuntur,</strong></span> <span class='ocrx_word' id='word_1_708' title='bbox 2889 3551 2944 3597; x_wconf 91' lang='lat' dir='ltr'><strong>et</strong></span> <span class='ocrx_word' id='word_1_709' title='bbox 2964 3557 3032 3597; x_wconf 88' lang='lat' dir='ltr'><strong>ne</strong></span> <span class='ocrx_word' id='word_1_710' title='bbox 3052 3542 3130 3597; x_wconf 90' lang='lat' dir='ltr'><strong>sic</strong></span> <span class='ocrx_word' id='word_1_711' title='bbox 3151 3542 3368 3615; x_wconf 88' lang='lat' dir='ltr'><strong>quidem</strong></span> <span class='ocrx_word' id='word_1_712' title='bbox 3391 3557 3523 3598; x_wconf 92' lang='lat' dir='ltr'><strong>con-</strong></span> 
     </span>
    </p>
   </div>
   <div class='ocr_carea' id='block_1_97' title="bbox 1914 3634 3526 3707">
    <p class='ocr_par' dir='ltr' id='par_1_97' title="bbox 1914 3634 3526 3707">
     <span class='ocr_line' id='line_1_97' title="bbox 1914 3634 3526 3707; baseline 0.001 -18"><span class='ocrx_word' id='word_1_713' title='bbox 1914 3644 2063 3690; x_wconf 89' lang='lat' dir='ltr'><strong>sueta</strong></span> <span class='ocrx_word' id='word_1_714' title='bbox 2079 3634 2266 3689; x_wconf 90' lang='lat' dir='ltr'><strong>itinera</strong></span> <span class='ocrx_word' id='word_1_715' title='bbox 2283 3634 2482 3690; x_wconf 88' lang='lat' dir='ltr'><strong>audent</strong></span> <span class='ocrx_word' id='word_1_716' title='bbox 2501 3634 2766 3701; x_wconf 86' lang='lat' dir='ltr'><strong>incedere,</strong></span> <span class='ocrx_word' id='word_1_717' title='bbox 2785 3634 2886 3690; x_wconf 90' lang='lat' dir='ltr'><strong>nisi</strong></span> <span class='ocrx_word' id='word_1_718' title='bbox 2902 3637 3051 3705; x_wconf 88' lang='lat' dir='ltr'><strong>prius</strong></span> <span class='ocrx_word' id='word_1_719' title='bbox 3067 3651 3129 3690; x_wconf 86' lang='lat' dir='ltr'><strong>ea</strong></span> <span class='ocrx_word' id='word_1_720' title='bbox 3146 3645 3312 3691; x_wconf 85' lang='lat' dir='ltr'><strong>strata</strong></span> <span class='ocrx_word' id='word_1_721' title='bbox 3336 3636 3526 3707; x_wconf 86' lang='lat' dir='ltr'><strong>lapidi-</strong></span> 
     </span>
    </p>
   </div>
   <div class='ocr_carea' id='block_1_98' title="bbox 1915 3725 3526 3797">
    <p class='ocr_par' dir='ltr' id='par_1_98' title="bbox 1915 3725 3526 3797">
     <span class='ocr_line' id='line_1_98' title="bbox 1915 3725 3526 3797; baseline 0.001 -16"><span class='ocrx_word' id='word_1_722' title='bbox 1915 3727 2014 3782; x_wconf 92' lang='lat' dir='ltr'><strong>bus</strong></span> <span class='ocrx_word' id='word_1_723' title='bbox 2034 3726 2287 3793; x_wconf 88' lang='lat' dir='ltr'><strong>viderint,</strong></span> <span class='ocrx_word' id='word_1_724' title='bbox 2308 3725 2595 3797; x_wconf 82' lang='lat' dir='ltr'><strong>foveasque</strong></span> <span class='ocrx_word' id='word_1_725' title='bbox 2615 3727 2834 3782; x_wconf 86' lang='lat' dir='ltr'><strong>relictas</strong></span> <span class='ocrx_word' id='word_1_726' title='bbox 2853 3741 2880 3780; x_wconf 92' lang='lat' dir='ltr'><strong>a</strong></span> <span class='ocrx_word' id='word_1_727' title='bbox 2911 3727 3239 3783; x_wconf 88' lang='lat' dir='ltr'><strong>torrentibus</strong></span> <span class='ocrx_word' id='word_1_728' title='bbox 3265 3726 3526 3797; x_wconf 87' lang='lat' dir='ltr'><strong>impleve-</strong></span> 
     </span>
    </p>
   </div>
   <div class='ocr_carea' id='block_1_99' title="bbox 1915 3801 3508 3888">
    <p class='ocr_par' dir='ltr' id='par_1_99' title="bbox 1915 3801 3508 3888">
     <span class='ocr_line' id='line_1_99' title="bbox 1915 3801 3508 3888; baseline 0.001 -16"><span class='ocrx_word' id='word_1_729' title='bbox 1915 3819 2041 3882; x_wconf 89' lang='lat' dir='ltr'><strong>rint,</strong></span> <span class='ocrx_word' id='word_1_730' title='bbox 2061 3828 2115 3873; x_wconf 92' lang='lat' dir='ltr'><strong>et</strong></span> <span class='ocrx_word' id='word_1_731' title='bbox 2130 3801 2320 3872; x_wconf 85' lang='lat' dir='ltr'><strong>cuncta</strong></span> <span class='ocrx_word' id='word_1_732' title='bbox 2340 3820 2824 3888; x_wconf 86' lang='lat' dir='ltr'><strong>complanaverint.</strong></span> <span class='ocrx_word' id='word_1_733' title='bbox 2842 3817 3108 3873; x_wconf 61' lang='lat' dir='ltr'><strong>Caeterum</strong></span> <span class='ocrx_word' id='word_1_734' title='bbox 3130 3825 3254 3872; x_wconf 93' lang='lat' dir='ltr'><strong>tunc</strong></span> <span class='ocrx_word' id='word_1_735' title='bbox 3269 3818 3508 3874; x_wconf 78' lang='lat' dir='ltr'><strong>inhabita</strong></span> 
     </span>
    </p>
   </div>
   <div class='ocr_carea' id='block_1_100' title="bbox 1914 3911 3498 3983">
    <p class='ocr_par' dir='ltr' id='par_1_100' title="bbox 1914 3911 3498 3983">
     <span class='ocr_line' id='line_1_100' title="bbox 1914 3911 3498 3983; baseline 0 -16"><span class='ocrx_word' id='word_1_736' title='bbox 1914 3911 2006 3967; x_wconf 92' lang='lat' dir='ltr'><strong>bili</strong></span> <span class='ocrx_word' id='word_1_737' title='bbox 2026 3912 2242 3983; x_wconf 91' lang='lat' dir='ltr'><strong>regione</strong></span> <span class='ocrx_word' id='word_1_738' title='bbox 2266 3919 2384 3967; x_wconf 88' lang='lat' dir='ltr'><strong>erat</strong></span> <span class='ocrx_word' id='word_1_739' title='bbox 2400 3911 2480 3966; x_wconf 89' lang='lat' dir='ltr'><strong>via</strong></span> <span class='ocrx_word' id='word_1_740' title='bbox 2511 3912 2598 3966; x_wconf 90' lang='lat' dir='ltr'><strong>illa</strong></span> <span class='ocrx_word' id='word_1_741' title='bbox 2619 3911 3043 3982; x_wconf 89' lang='lat' dir='ltr'><strong>desertior,ipsis</strong></span> <span class='ocrx_word' id='word_1_742' title='bbox 3060 3912 3334 3968; x_wconf 82' lang='lat' dir='ltr'><strong>montibus</strong></span> <span class='ocrx_word' id='word_1_743' title='bbox 3363 3928 3498 3982; x_wconf 87' lang='lat' dir='ltr'><strong>aspe</strong></span> 
     </span>
    </p>
   </div>
   <div class='ocr_carea' id='block_1_101' title="bbox 1915 4005 3502 4075">
    <p class='ocr_par' dir='ltr' id='par_1_101' title="bbox 1915 4005 3502 4075">
     <span class='ocr_line' id='line_1_101' title="bbox 1915 4005 3502 4075; baseline 0 -15"><span class='ocrx_word' id='word_1_744' title='bbox 1915 4006 2046 4072; x_wconf 91' lang='lat' dir='ltr'><strong>rior,</strong></span> <span class='ocrx_word' id='word_1_745' title='bbox 2069 4005 2459 4075; x_wconf 64' lang='lat' dir='ltr'><strong>praeruptisque</strong></span> <span class='ocrx_word' id='word_1_746' title='bbox 2475 4005 2727 4060; x_wconf 91' lang='lat' dir='ltr'><strong>omnibus</strong></span> <span class='ocrx_word' id='word_1_747' title='bbox 2748 4011 2804 4060; x_wconf 93' lang='lat' dir='ltr'><strong>et</strong></span> <span class='ocrx_word' id='word_1_748' title='bbox 2820 4005 3128 4074; x_wconf 68' lang='lat' dir='ltr'><strong>prrecipitiis</strong></span> <span class='ocrx_word' id='word_1_749' title='bbox 3146 4005 3502 4075; x_wconf 87' lang='lat' dir='ltr'><strong>periculosior</strong></span> 
     </span>
    </p>
   </div>
   <div class='ocr_carea' id='block_1_102' title="bbox 1915 4094 3523 4166">
    <p class='ocr_par' dir='ltr' id='par_1_102' title="bbox 1915 4094 3523 4166">
     <span class='ocr_line' id='line_1_102' title="bbox 1915 4094 3523 4166; baseline -0.001 -14"><span class='ocrx_word' id='word_1_750' title='bbox 1915 4096 2166 4152; x_wconf 86' lang='lat' dir='ltr'><strong>Nondum</strong></span> <span class='ocrx_word' id='word_1_751' title='bbox 2198 4096 2250 4151; x_wconf 93' lang='lat' dir='ltr'><strong>id</strong></span> <span class='ocrx_word' id='word_1_752' title='bbox 2277 4096 2419 4166; x_wconf 90' lang='lat' dir='ltr'><strong>quod</strong></span> <span class='ocrx_word' id='word_1_753' title='bbox 2447 4104 2532 4151; x_wconf 91' lang='lat' dir='ltr'><strong>est</strong></span> <span class='ocrx_word' id='word_1_754' title='bbox 2561 4096 2799 4150; x_wconf 92' lang='lat' dir='ltr'><strong>omnium</strong></span> <span class='ocrx_word' id='word_1_755' title='bbox 2848 4094 3226 4166; x_wconf 83' lang='lat' dir='ltr'><strong>gravissimum</strong></span> <span class='ocrx_word' id='word_1_756' title='bbox 3252 4094 3385 4160; x_wconf 81' lang='lat' dir='ltr'><strong>dixi,</strong></span> <span class='ocrx_word' id='word_1_757' title='bbox 3418 4109 3523 4165; x_wconf 85' lang='lat' dir='ltr'><strong>qua</strong></span> 
     </span>
    </p>
   </div>
   <div class='ocr_carea' id='block_1_103' title="bbox 1917 4181 3526 4268">
    <p class='ocr_par' dir='ltr' id='par_1_103' title="bbox 1917 4181 3526 4268">
     <span class='ocr_line' id='line_1_103' title="bbox 1917 4181 3526 4268; baseline -0.001 -24"><span class='ocrx_word' id='word_1_758' title='bbox 1917 4187 2225 4268; x_wconf 74' lang='lat' dir='ltr'><strong>conditione</strong></span> <span class='ocrx_word' id='word_1_759' title='bbox 2268 4188 2590 4242; x_wconf 87' lang='lat' dir='ltr'><strong>commercia</strong></span> <span class='ocrx_word' id='word_1_760' title='bbox 2636 4194 2765 4242; x_wconf 88' lang='lat' dir='ltr'><strong>tunc</strong></span> <span class='ocrx_word' id='word_1_761' title='bbox 2807 4192 3024 4253; x_wconf 82' lang='lat' dir='ltr'><strong>essent,</strong></span> <span class='ocrx_word' id='word_1_762' title='bbox 3073 4181 3218 4258; x_wconf 84' lang='lat' dir='ltr'><strong>quod</strong></span> <span class='ocrx_word' id='word_1_763' title='bbox 3277 4187 3526 4258; x_wconf 71' lang='lat' dir='ltr'><strong>graviora</strong></span> 
     </span>
    </p>
   </div>
   <div class='ocr_carea' id='block_1_104' title="bbox 1915 4278 3523 4352">
    <p class='ocr_par' dir='ltr' id='par_1_104' title="bbox 1915 4278 3523 4352">
     <span class='ocr_line' id='line_1_104' title="bbox 1915 4278 3523 4352; baseline 0 -18"><span class='ocrx_word' id='word_1_764' title='bbox 1915 4279 2128 4351; x_wconf 85' lang='lat' dir='ltr'><strong>negotia</strong></span> <span class='ocrx_word' id='word_1_765' title='bbox 2157 4278 2458 4334; x_wconf 79' lang='lat' dir='ltr'><strong>lacessebat</strong></span> <span class='ocrx_word' id='word_1_766' title='bbox 2481 4293 2642 4349; x_wconf 91' lang='lat' dir='ltr'><strong>quam</strong></span> <span class='ocrx_word' id='word_1_767' title='bbox 2689 4279 2820 4349; x_wconf 62' lang='lat' dir='ltr'><strong>ipsa;</strong></span> <span class='ocrx_word' id='word_1_768' title='bbox 2860 4280 2983 4343; x_wconf 68' lang='lat' dir='ltr'><strong>viae,</strong></span> <span class='ocrx_word' id='word_1_769' title='bbox 3010 4292 3136 4334; x_wconf 90' lang='lat' dir='ltr'><strong>cum</strong></span> <span class='ocrx_word' id='word_1_770' title='bbox 3168 4281 3359 4352; x_wconf 71' lang='lat' dir='ltr'><strong>omnes</strong></span> <span class='ocrx_word' id='word_1_771' title='bbox 3395 4287 3523 4334; x_wconf 92' lang='lat' dir='ltr'><strong>tunc</strong></span> 
     </span>
    </p>
   </div>
   <div class='ocr_carea' id='block_1_105' title="bbox 1916 4371 3528 4457">
    <p class='ocr_par' dir='ltr' id='par_1_105' title="bbox 1916 4371 3528 4457">
     <span class='ocr_line' id='line_1_105' title="bbox 1916 4371 3528 4457; baseline 0.002 -31"><span class='ocrx_word' id='word_1_772' title='bbox 1916 4389 2012 4443; x_wconf 84' lang='lat' dir='ltr'><strong>per</strong></span> <span class='ocrx_word' id='word_1_773' title='bbox 2033 4381 2241 4443; x_wconf 90' lang='lat' dir='ltr'><strong>gentes,</strong></span> <span class='ocrx_word' id='word_1_774' title='bbox 2271 4372 2382 4426; x_wconf 92' lang='lat' dir='ltr'><strong>imo</strong></span> <span class='ocrx_word' id='word_1_775' title='bbox 2431 4386 2580 4438; x_wconf 87' lang='lat' dir='ltr'><strong>vero,</strong></span> <span class='ocrx_word' id='word_1_776' title='bbox 2609 4381 2670 4426; x_wconf 92' lang='lat' dir='ltr'><strong>ut</strong></span> <span class='ocrx_word' id='word_1_777' title='bbox 2711 4371 2892 4427; x_wconf 90' lang='lat' dir='ltr'><strong>verius</strong></span> <span class='ocrx_word' id='word_1_778' title='bbox 2922 4372 3129 4442; x_wconf 88' lang='lat' dir='ltr'><strong>loquar,</strong></span> <span class='ocrx_word' id='word_1_779' title='bbox 3159 4373 3528 4457; x_wconf 35' lang='lat' dir='ltr'><strong>peg‘civitates</strong></span> 
     </span>
    </p>
   </div>
   <div class='ocr_carea' id='block_1_106' title="bbox 1915 4462 3529 4540">
    <p class='ocr_par' dir='ltr' id='par_1_106' title="bbox 1915 4462 3529 4540">
     <span class='ocr_line' id='line_1_106' title="bbox 1915 4462 3529 4540; baseline 0.002 -22"><span class='ocrx_word' id='word_1_780' title='bbox 1915 4464 2072 4519; x_wconf 91' lang='lat' dir='ltr'><strong>divisi</strong></span> <span class='ocrx_word' id='word_1_781' title='bbox 2099 4471 2299 4520; x_wconf 89' lang='lat' dir='ltr'><strong>essent.</strong></span> <span class='ocrx_word' id='word_1_782' title='bbox 2317 4462 2503 4534; x_wconf 88' lang='lat' dir='ltr'><strong>Neque</strong></span> <span class='ocrx_word' id='word_1_783' title='bbox 2523 4464 2666 4518; x_wconf 91' lang='lat' dir='ltr'><strong>enim</strong></span> <span class='ocrx_word' id='word_1_784' title='bbox 2693 4463 2850 4518; x_wconf 90' lang='lat' dir='ltr'><strong>sicuti</strong></span> <span class='ocrx_word' id='word_1_785' title='bbox 2873 4464 3090 4519; x_wconf 87' lang='lat' dir='ltr'><strong>nuncin</strong></span> <span class='ocrx_word' id='word_1_786' title='bbox 3122 4480 3355 4540; x_wconf 63' lang='lat' dir='ltr'><strong>numqua</strong></span> <span class='ocrx_word' id='word_1_787' title='bbox 3376 4466 3529 4522; x_wconf 79' lang='lat' dir='ltr'><strong>orbis</strong></span> 
     </span>
    </p>
   </div>
   <div class='ocr_carea' id='block_1_107' title="bbox 1918 4553 3518 4631">
    <p class='ocr_par' dir='ltr' id='par_1_107' title="bbox 1918 4553 3518 4631">
     <span class='ocr_line' id='line_1_107' title="bbox 1918 4553 3518 4631; baseline 0.004 -23"><span class='ocrx_word' id='word_1_788' title='bbox 1918 4566 2068 4626; x_wconf 88' lang='lat' dir='ltr'><strong>parte</strong></span> <span class='ocrx_word' id='word_1_789' title='bbox 2086 4556 2175 4610; x_wconf 91' lang='lat' dir='ltr'><strong>uni</strong></span> <span class='ocrx_word' id='word_1_790' title='bbox 2195 4557 2420 4625; x_wconf 88' lang='lat' dir='ltr'><strong>imperio</strong></span> <span class='ocrx_word' id='word_1_791' title='bbox 2442 4555 2703 4625; x_wconf 85' lang='lat' dir='ltr'><strong>uniusque</strong></span> <span class='ocrx_word' id='word_1_792' title='bbox 2718 4553 2909 4610; x_wconf 90' lang='lat' dir='ltr'><strong>ditioni</strong></span> <span class='ocrx_word' id='word_1_793' title='bbox 2930 4557 3185 4614; x_wconf 88' lang='lat' dir='ltr'><strong>mortales</strong></span> <span class='ocrx_word' id='word_1_794' title='bbox 3204 4572 3395 4631; x_wconf 67' lang='lat' dir='ltr'><strong>omnes</strong></span> <span class='ocrx_word' id='word_1_795' title='bbox 3411 4573 3518 4614; x_wconf 86' lang='lat' dir='ltr'><strong>ser-</strong></span> 
     </span>
    </p>
   </div>
   <div class='ocr_carea' id='block_1_108' title="bbox 1917 4646 3568 4730">
    <p class='ocr_par' dir='ltr' id='par_1_108' title="bbox 1917 4646 3568 4730">
     <span class='ocr_line' id='line_1_108' title="bbox 1917 4646 3568 4730; baseline 0.001 -29"><span class='ocrx_word' id='word_1_796' title='bbox 1917 4649 2151 4715; x_wconf 87' lang='lat' dir='ltr'><strong>viebant,</strong></span> <span class='ocrx_word' id='word_1_797' title='bbox 2171 4647 2487 4719; x_wconf 91' lang='lat' dir='ltr'><strong>eisdemque</strong></span> <span class='ocrx_word' id='word_1_798' title='bbox 2511 4646 2949 4718; x_wconf 89' lang='lat' dir='ltr'><strong>gubernabantur</strong></span> <span class='ocrx_word' id='word_1_799' title='bbox 2987 4647 3215 4718; x_wconf 85' lang='lat' dir='ltr'><strong>legibus,</strong></span> <span class='ocrx_word' id='word_1_800' title='bbox 3236 4648 3330 4719; x_wconf 55' lang='lat' dir='ltr'><strong>se&quot;.</strong></span> <span class='ocrx_word' id='word_1_801' title='bbox 3353 4648 3568 4730; x_wconf 35' lang='grc' dir='ltr'><strong>,ςωιμιλλ</strong></span> 
     </span>
    </p>
   </div>
   <div class='ocr_carea' id='block_1_109' title="bbox 1916 4739 3628 4816">
    <p class='ocr_par' dir='ltr' id='par_1_109' title="bbox 1916 4739 3628 4816">
     <span class='ocr_line' id='line_1_109' title="bbox 1916 4739 3628 4816; baseline -0.004 -21"><span class='ocrx_word' id='word_1_802' title='bbox 1916 4755 2112 4810; x_wconf 89' lang='lat' dir='ltr'><strong>corpus</strong></span> <span class='ocrx_word' id='word_1_803' title='bbox 2134 4740 2185 4793; x_wconf 94' lang='lat' dir='ltr'><strong>in</strong></span> <span class='ocrx_word' id='word_1_804' title='bbox 2215 4740 2380 4794; x_wconf 91' lang='lat' dir='ltr'><strong>multa</strong></span> <span class='ocrx_word' id='word_1_805' title='bbox 2409 4739 2653 4794; x_wconf 88' lang='lat' dir='ltr'><strong>membra</strong></span> <span class='ocrx_word' id='word_1_806' title='bbox 2677 4739 2976 4807; x_wconf 88' lang='lat' dir='ltr'><strong>concisum,</strong></span> <span class='ocrx_word' id='word_1_807' title='bbox 3009 4740 3088 4811; x_wconf 65' lang='lat' dir='ltr'><strong>ita,</strong></span> <span class='ocrx_word' id='word_1_808' title='bbox 3121 4739 3410 4800; x_wconf 54' lang='lat' dir='ltr'><strong>hominm).</strong></span> <span class='ocrx_word' id='word_1_809' title='bbox 3483 4775 3488 4780; x_wconf 87' lang='grc'><strong>-</strong></span> <span class='ocrx_word' id='word_1_810' title='bbox 3549 4757 3552 4762; x_wconf 93' lang='grc'>·</span> 
     </span>
    </p>
   </div>
   <div class='ocr_carea' id='block_1_110' title="bbox 1919 4830 3530 4916">
    <p class='ocr_par' dir='ltr' id='par_1_110' title="bbox 1919 4830 3530 4916">
     <span class='ocr_line' id='line_1_110' title="bbox 1919 4830 3530 4916; baseline 0.001 -29"><span class='ocrx_word' id='word_1_811' title='bbox 1919 4849 2019 4888; x_wconf 92' lang='lat' dir='ltr'><strong>nus</strong></span> <span class='ocrx_word' id='word_1_812' title='bbox 2039 4833 2398 4904; x_wconf 87' lang='lat' dir='ltr'><strong>disgregatum</strong></span> <span class='ocrx_word' id='word_1_813' title='bbox 2421 4841 2557 4900; x_wconf 89' lang='lat' dir='ltr'><strong>erat,</strong></span> <span class='ocrx_word' id='word_1_814' title='bbox 2577 4830 2870 4904; x_wconf 88' lang='lat' dir='ltr'><strong>hostesque</strong></span> <span class='ocrx_word' id='word_1_815' title='bbox 2884 4847 2951 4887; x_wconf 79' lang='lat' dir='ltr'><strong>ex</strong></span> <span class='ocrx_word' id='word_1_816' title='bbox 2984 4831 3226 4916; x_wconf 48' lang='lat' dir='ltr'><strong>tantibus</strong></span> <span class='ocrx_word' id='word_1_817' title='bbox 3237 4831 3360 4904; x_wconf 58' lang='lat' dir='ltr'><strong>juss.</strong></span> <span class='ocrx_word' id='word_1_818' title='bbox 3384 4869 3420 4888; x_wconf 65' lang='grc' dir='ltr'><strong>,ο</strong></span> <span class='ocrx_word' id='word_1_819' title='bbox 3437 4842 3530 4889; x_wconf 81' lang='lat' dir='ltr'><strong>nte</strong></span> 
     </span>
    </p>
   </div>
   <div class='ocr_carea' id='block_1_111' title="bbox 1917 4923 3583 4997">
    <p class='ocr_par' dir='ltr' id='par_1_111' title="bbox 1917 4923 3583 4997">
     <span class='ocr_line' id='line_1_111' title="bbox 1917 4923 3583 4997; baseline -0.001 -15"><span class='ocrx_word' id='word_1_820' title='bbox 1917 4935 2126 4982; x_wconf 88' lang='lat' dir='ltr'><strong>mutare</strong></span> <span class='ocrx_word' id='word_1_821' title='bbox 2149 4928 2200 4980; x_wconf 91' lang='lat' dir='ltr'><strong>in</strong></span> <span class='ocrx_word' id='word_1_822' title='bbox 2223 4925 2339 4982; x_wconf 91' lang='lat' dir='ltr'><strong>dies</strong></span> <span class='ocrx_word' id='word_1_823' title='bbox 2355 4925 2666 4997; x_wconf 85' lang='lat' dir='ltr'><strong>cogebatur,</strong></span> <span class='ocrx_word' id='word_1_824' title='bbox 2682 4925 2844 4981; x_wconf 88' lang='lat' dir='ltr'><strong>etiam</strong></span> <span class='ocrx_word' id='word_1_825' title='bbox 2865 4932 3150 4996; x_wconf 78' lang='lat' dir='ltr'><strong>antequam</strong></span> <span class='ocrx_word' id='word_1_826' title='bbox 3167 4923 3532 4996; x_wconf 62' lang='lat' dir='ltr'><strong>prioreiuell‘u-</strong></span> <span class='ocrx_word' id='word_1_827' title='bbox 3575 4925 3583 4930; x_wconf 81' lang='grc'><strong>’</strong></span> 
     </span>
    </p>
   </div>
   <div class='ocr_carea' id='block_1_112' title="bbox 1915 5017 3530 5092">
    <p class='ocr_par' dir='ltr' id='par_1_112' title="bbox 1915 5017 3530 5092">
     <span class='ocr_line' id='line_1_112' title="bbox 1915 5017 3530 5092; baseline -0.001 -16"><span class='ocrx_word' id='word_1_828' title='bbox 1915 5030 2291 5092; x_wconf 82' lang='lat' dir='ltr'><strong>geret,rursus</strong></span> <span class='ocrx_word' id='word_1_829' title='bbox 2314 5020 2367 5074; x_wconf 92' lang='lat' dir='ltr'><strong>in</strong></span> <span class='ocrx_word' id='word_1_830' title='bbox 2400 5021 2536 5075; x_wconf 84' lang='lat' dir='ltr'><strong>alios</strong></span> <span class='ocrx_word' id='word_1_831' title='bbox 2557 5018 2960 5085; x_wconf 86' lang='lat' dir='ltr'><strong>ineidens,cum</strong></span> <span class='ocrx_word' id='word_1_832' title='bbox 2981 5017 3110 5075; x_wconf 90' lang='lat' dir='ltr'><strong>alibi</strong></span> <span class='ocrx_word' id='word_1_833' title='bbox 3124 5017 3376 5090; x_wconf 64' lang='lat' dir='ltr'><strong>quidem;</strong></span> <span class='ocrx_word' id='word_1_834' title='bbox 3417 5020 3530 5084; x_wconf 72' lang='lat' dir='ltr'><strong>ari-</strong></span> 
     </span>
    </p>
   </div>
   <div class='ocr_carea' id='block_1_113' title="bbox 1917 5109 3531 5180">
    <p class='ocr_par' dir='ltr' id='par_1_113' title="bbox 1917 5109 3531 5180">
     <span class='ocr_line' id='line_1_113' title="bbox 1917 5109 3531 5180; baseline 0 -12"><span class='ocrx_word' id='word_1_835' title='bbox 1917 5126 2130 5168; x_wconf 89' lang='lat' dir='ltr'><strong>morum</strong></span> <span class='ocrx_word' id='word_1_836' title='bbox 2152 5112 2479 5180; x_wconf 84' lang='lat' dir='ltr'><strong>dominatus,</strong></span> <span class='ocrx_word' id='word_1_837' title='bbox 2495 5113 2623 5168; x_wconf 88' lang='lat' dir='ltr'><strong>alibi</strong></span> <span class='ocrx_word' id='word_1_838' title='bbox 2647 5111 2824 5166; x_wconf 88' lang='lat' dir='ltr'><strong>nullus</strong></span> <span class='ocrx_word' id='word_1_839' title='bbox 2843 5109 3226 5166; x_wconf 89' lang='lat' dir='ltr'><strong>dominationis</strong></span> <span class='ocrx_word' id='word_1_840' title='bbox 3263 5109 3398 5164; x_wconf 92' lang='lat' dir='ltr'><strong>ordo</strong></span> <span class='ocrx_word' id='word_1_841' title='bbox 3419 5125 3531 5168; x_wconf 67' lang='lat' dir='ltr'><strong>ser-</strong></span> 
     </span>
    </p>
   </div>
   <div class='ocr_carea' id='block_1_114' title="bbox 1919 5202 3530 5274">
    <p class='ocr_par' dir='ltr' id='par_1_114' title="bbox 1919 5202 3530 5274">
     <span class='ocr_line' id='line_1_114' title="bbox 1919 5202 3530 5274; baseline 0.002 -18"><span class='ocrx_word' id='word_1_842' title='bbox 1919 5213 2152 5259; x_wconf 88' lang='lat' dir='ltr'><strong>varetur.</strong></span> <span class='ocrx_word' id='word_1_843' title='bbox 2172 5204 2310 5272; x_wconf 85' lang='lat' dir='ltr'><strong>Quid</strong></span> <span class='ocrx_word' id='word_1_844' title='bbox 2346 5205 2509 5274; x_wconf 81' lang='lat' dir='ltr'><strong>igitur</strong></span> <span class='ocrx_word' id='word_1_845' title='bbox 2537 5204 2639 5259; x_wconf 93' lang='lat' dir='ltr'><strong>hoc</strong></span> <span class='ocrx_word' id='word_1_846' title='bbox 2677 5202 2801 5258; x_wconf 67' lang='lat' dir='ltr'><strong>vitae</strong></span> <span class='ocrx_word' id='word_1_847' title='bbox 2835 5217 3034 5274; x_wconf 90' lang='lat' dir='ltr'><strong>genere</strong></span> <span class='ocrx_word' id='word_1_848' title='bbox 3072 5202 3530 5259; x_wconf 67' lang='lat' dir='ltr'><strong>molestiuslhon</strong></span> 
     </span>
    </p>
   </div>
   <div class='ocr_carea' id='block_1_115' title="bbox 1917 5292 3528 5364">
    <p class='ocr_par' dir='ltr' id='par_1_115' title="bbox 1917 5292 3528 5364">
     <span class='ocr_line' id='line_1_115' title="bbox 1917 5292 3528 5364; baseline -0.002 -14"><span class='ocrx_word' id='word_1_849' title='bbox 1917 5296 2062 5351; x_wconf 90' lang='lat' dir='ltr'><strong>enim</strong></span> <span class='ocrx_word' id='word_1_850' title='bbox 2080 5296 2178 5350; x_wconf 89' lang='lat' dir='ltr'><strong>sibi</strong></span> <span class='ocrx_word' id='word_1_851' title='bbox 2196 5294 2295 5348; x_wconf 92' lang='lat' dir='ltr'><strong>soli</strong></span> <span class='ocrx_word' id='word_1_852' title='bbox 2316 5293 2586 5349; x_wconf 87' lang='lat' dir='ltr'><strong>metuebat</strong></span> <span class='ocrx_word' id='word_1_853' title='bbox 2599 5307 2662 5348; x_wconf 90' lang='lat' dir='ltr'><strong>ac</strong></span> <span class='ocrx_word' id='word_1_854' title='bbox 2677 5292 2924 5364; x_wconf 89' lang='lat' dir='ltr'><strong>pavebat,</strong></span> <span class='ocrx_word' id='word_1_855' title='bbox 2941 5307 3130 5348; x_wconf 87' lang='lat' dir='ltr'><strong>verum</strong></span> <span class='ocrx_word' id='word_1_856' title='bbox 3147 5293 3284 5364; x_wconf 88' lang='lat' dir='ltr'><strong>patri</strong></span> <span class='ocrx_word' id='word_1_857' title='bbox 3299 5302 3358 5348; x_wconf 89' lang='lat' dir='ltr'><strong>et</strong></span> <span class='ocrx_word' id='word_1_858' title='bbox 3371 5294 3528 5348; x_wconf 78' lang='lat' dir='ltr'><strong>uxori</strong></span> 
     </span>
    </p>
   </div>
   <div class='ocr_carea' id='block_1_116' title="bbox 1918 5384 3528 5458">
    <p class='ocr_par' dir='ltr' id='par_1_116' title="bbox 1918 5384 3528 5458">
     <span class='ocr_line' id='line_1_116' title="bbox 1918 5384 3528 5458; baseline -0.001 -16"><span class='ocrx_word' id='word_1_859' title='bbox 1918 5398 1971 5443; x_wconf 92' lang='lat' dir='ltr'><strong>et</strong></span> <span class='ocrx_word' id='word_1_860' title='bbox 1991 5388 2190 5458; x_wconf 88' lang='lat' dir='ltr'><strong>nepoti.</strong></span> <span class='ocrx_word' id='word_1_861' title='bbox 2202 5385 2492 5444; x_wconf 87' lang='lat' dir='ltr'><strong>Servorum</strong></span> <span class='ocrx_word' id='word_1_862' title='bbox 2510 5400 2723 5457; x_wconf 89' lang='lat' dir='ltr'><strong>quoque</strong></span> <span class='ocrx_word' id='word_1_863' title='bbox 2738 5400 2844 5440; x_wconf 90' lang='lat' dir='ltr'><strong>non</strong></span> <span class='ocrx_word' id='word_1_864' title='bbox 2862 5385 3052 5456; x_wconf 76' lang='lat' dir='ltr'><strong>exigua</strong></span> <span class='ocrx_word' id='word_1_865' title='bbox 3067 5393 3346 5451; x_wconf 80' lang='lat' dir='ltr'><strong>eratcum,</strong></span> <span class='ocrx_word' id='word_1_866' title='bbox 3364 5384 3528 5440; x_wconf 85' lang='lat' dir='ltr'><strong>etiam</strong></span> 
     </span>
    </p>
   </div>
   <div class='ocr_carea' id='block_1_117' title="bbox 1917 5477 3530 5550">
    <p class='ocr_par' dir='ltr' id='par_1_117' title="bbox 1917 5477 3530 5550">
     <span class='ocr_line' id='line_1_117' title="bbox 1917 5477 3530 5550; baseline -0.002 -14"><span class='ocrx_word' id='word_1_867' title='bbox 1917 5496 2038 5536; x_wconf 87' lang='lat' dir='ltr'><strong>cum</strong></span> <span class='ocrx_word' id='word_1_868' title='bbox 2067 5480 2213 5535; x_wconf 80' lang='lat' dir='ltr'><strong>domi</strong></span> <span class='ocrx_word' id='word_1_869' title='bbox 2234 5487 2436 5546; x_wconf 88' lang='lat' dir='ltr'><strong>essent,</strong></span> <span class='ocrx_word' id='word_1_870' title='bbox 2475 5478 2672 5534; x_wconf 90' lang='lat' dir='ltr'><strong>nedum</strong></span> <span class='ocrx_word' id='word_1_871' title='bbox 2692 5487 2816 5534; x_wconf 91' lang='lat' dir='ltr'><strong>tunc</strong></span> <span class='ocrx_word' id='word_1_872' title='bbox 2832 5479 3046 5549; x_wconf 83' lang='lat' dir='ltr'><strong>quando</strong></span> <span class='ocrx_word' id='word_1_873' title='bbox 3077 5494 3172 5550; x_wconf 91' lang='lat' dir='ltr'><strong>per</strong></span> <span class='ocrx_word' id='word_1_874' title='bbox 3190 5477 3365 5533; x_wconf 85' lang='lat' dir='ltr'><strong>aliena</strong></span> <span class='ocrx_word' id='word_1_875' title='bbox 3401 5478 3530 5534; x_wconf 83' lang='lat' dir='ltr'><strong>ferri</strong></span> 
     </span>
    </p>
   </div>
   <div class='ocr_carea' id='block_1_118' title="bbox 1917 5569 3528 5642">
    <p class='ocr_par' dir='ltr' id='par_1_118' title="bbox 1917 5569 3528 5642">
     <span class='ocr_line' id='line_1_118' title="bbox 1917 5569 3528 5642; baseline -0.001 -17"><span class='ocrx_word' id='word_1_876' title='bbox 1917 5571 2266 5642; x_wconf 86' lang='lat' dir='ltr'><strong>cogebantur.</strong></span> <span class='ocrx_word' id='word_1_877' title='bbox 2290 5571 2369 5625; x_wconf 85' lang='lat' dir='ltr'><strong>Ac</strong></span> <span class='ocrx_word' id='word_1_878' title='bbox 2404 5571 2448 5625; x_wconf 92' lang='lat' dir='ltr'><strong>si</strong></span> <span class='ocrx_word' id='word_1_879' title='bbox 2480 5570 2697 5640; x_wconf 88' lang='lat' dir='ltr'><strong>quidem</strong></span> <span class='ocrx_word' id='word_1_880' title='bbox 2734 5569 3069 5640; x_wconf 64' lang='lat' dir='ltr'><strong>erploratum</strong></span> <span class='ocrx_word' id='word_1_881' title='bbox 3111 5569 3202 5624; x_wconf 91' lang='lat' dir='ltr'><strong>ille</strong></span> <span class='ocrx_word' id='word_1_882' title='bbox 3227 5569 3528 5636; x_wconf 85' lang='lat' dir='ltr'><strong>habuisset,</strong></span> 
     </span>
    </p>
   </div>
   <div class='ocr_carea' id='block_1_119' title="bbox 1917 5661 3534 5734">
    <p class='ocr_par' dir='ltr' id='par_1_119' title="bbox 1917 5661 3534 5734">
     <span class='ocr_line' id='line_1_119' title="bbox 1917 5661 3534 5734; baseline -0.001 -17"><span class='ocrx_word' id='word_1_883' title='bbox 1917 5662 2132 5734; x_wconf 91' lang='lat' dir='ltr'><strong>quando</strong></span> <span class='ocrx_word' id='word_1_884' title='bbox 2149 5661 2235 5717; x_wconf 91' lang='lat' dir='ltr'><strong>hic</strong></span> <span class='ocrx_word' id='word_1_885' title='bbox 2251 5677 2404 5718; x_wconf 90' lang='lat' dir='ltr'><strong>error</strong></span> <span class='ocrx_word' id='word_1_886' title='bbox 2425 5661 2584 5716; x_wconf 85' lang='lat' dir='ltr'><strong>linem</strong></span> <span class='ocrx_word' id='word_1_887' title='bbox 2608 5661 2795 5718; x_wconf 89' lang='lat' dir='ltr'><strong>fuisset</strong></span> <span class='ocrx_word' id='word_1_888' title='bbox 2816 5662 3112 5729; x_wconf 87' lang='lat' dir='ltr'><strong>habiturus,</strong></span> <span class='ocrx_word' id='word_1_889' title='bbox 3127 5677 3233 5717; x_wconf 92' lang='lat' dir='ltr'><strong>non</strong></span> <span class='ocrx_word' id='word_1_890' title='bbox 3256 5661 3392 5718; x_wconf 89' lang='lat' dir='ltr'><strong>adeo</strong></span> <span class='ocrx_word' id='word_1_891' title='bbox 3412 5677 3534 5733; x_wconf 82' lang='lat' dir='ltr'><strong>gra-</strong></span> 
     </span>
    </p>
   </div>
   <div class='ocr_carea' id='block_1_120' title="bbox 1918 5753 3527 5817">
    <p class='ocr_par' dir='ltr' id='par_1_120' title="bbox 1918 5753 3527 5817">
     <span class='ocr_line' id='line_1_120' title="bbox 1918 5753 3527 5817; baseline -0.002 -4"><span class='ocrx_word' id='word_1_892' title='bbox 1918 5775 2010 5816; x_wconf 91' lang='lat' dir='ltr'><strong>ves</strong></span> <span class='ocrx_word' id='word_1_893' title='bbox 2031 5759 2135 5817; x_wconf 75' lang='lat' dir='ltr'><strong>illa:</strong></span> <span class='ocrx_word' id='word_1_894' title='bbox 2151 5771 2297 5811; x_wconf 74' lang='lat' dir='ltr'><strong>cur-.e</strong></span> <span class='ocrx_word' id='word_1_895' title='bbox 2328 5755 2492 5810; x_wconf 80' lang='lat' dir='ltr'><strong>fuisse</strong></span> <span class='ocrx_word' id='word_1_896' title='bbox 2525 5754 2839 5812; x_wconf 87' lang='lat' dir='ltr'><strong>viderentur</strong></span> <span class='ocrx_word' id='word_1_897' title='bbox 2868 5771 3046 5811; x_wconf 87' lang='lat' dir='ltr'><strong>:nunc</strong></span> <span class='ocrx_word' id='word_1_898' title='bbox 3083 5771 3212 5812; x_wconf 87' lang='lat' dir='ltr'><strong>vero</strong></span> <span class='ocrx_word' id='word_1_899' title='bbox 3232 5770 3354 5811; x_wconf 89' lang='lat' dir='ltr'><strong>cum</strong></span> <span class='ocrx_word' id='word_1_900' title='bbox 3390 5753 3527 5812; x_wconf 82' lang='lat' dir='ltr'><strong>sitn-</strong></span> 
     </span>
    </p>
   </div>
   <div class='ocr_carea' id='block_1_121' title="bbox 1921 5848 3530 5927">
    <p class='ocr_par' dir='ltr' id='par_1_121' title="bbox 1921 5848 3530 5927">
     <span class='ocr_line' id='line_1_121' title="bbox 1921 5848 3530 5927; baseline -0.002 -19"><span class='ocrx_word' id='word_1_901' title='bbox 1921 5854 2130 5927; x_wconf 84' lang='lat' dir='ltr'><strong>pliciter</strong></span> <span class='ocrx_word' id='word_1_902' title='bbox 2157 5861 2316 5924; x_wconf 87' lang='lat' dir='ltr'><strong>atque</strong></span> <span class='ocrx_word' id='word_1_903' title='bbox 2335 5849 2610 5908; x_wconf 83' lang='lat' dir='ltr'><strong>indeﬁnite</strong></span> <span class='ocrx_word' id='word_1_904' title='bbox 2634 5849 2891 5908; x_wconf 86' lang='lat' dir='ltr'><strong>audisset.</strong></span> <span class='ocrx_word' id='word_1_905' title='bbox 2907 5848 2974 5906; x_wconf 86' lang='lat' dir='ltr'><strong>In</strong></span> <span class='ocrx_word' id='word_1_906' title='bbox 2996 5859 3201 5920; x_wconf 80' lang='lat' dir='ltr'><strong>terram,</strong></span> <span class='ocrx_word' id='word_1_907' title='bbox 3222 5865 3327 5904; x_wconf 92' lang='lat' dir='ltr'><strong>non</strong></span> <span class='ocrx_word' id='word_1_908' title='bbox 3347 5851 3530 5921; x_wconf 81' lang='lat' dir='ltr'><strong>istam,</strong></span> 
     </span>
    </p>
   </div>
  </div>
