4264 6312
754 396 858 451 £59

748 508 830 563 vel
849 505 1120 573 iilam,scd
1136 521 1286 577 quam
1319 516 1653 559 moristravero
1675 505 1760 557 tibi
1780 504 1928 575 (Gen.
1954 503 2036 557 12.
2060 504 2133 573 ι).
2162 504 2336 557 omnia

746 607 926 653 mente
960 597 1660 666 circumibat,ingentesque
1694 596 1951 649 tumultus
1984 596 2161 647 animo
2199 592 2337 645 acci-

744 688 1079 758 piebat,cum
1110 703 1368 758 nusquam
1400 688 1591 740 sistere
1615 686 1985 754 cogitationem
2016 692 2215 751 posset,
2243 681 2334 736 sed

740 780 1000 850 suspicari
1024 780 1267 850 plurima,
1286 778 1534 847 curisque
1556 778 1672 846 angi
1696 785 1995 845 Cogere-tur.
2018 774 2169 829 Credi
2193 776 2334 829 enim

742 882 923 940 potest
966 873 1031 926 ad
1080 872 1223 925 orbis
1264 883 1419 925 terra:
1464 869 1617 933 finies,
1650 869 2027 937 Oceanumque
2074 868 2245 935 ipsum
2279 880 2337 919 se
2374 864 2381 873 ’

744 963 1106 1032 profecturum
1172 974 1536 1033 exspectasse.
1587 963 1768 1030 Itaque
1817 960 1915 1013 υιεί
1963 976 2068 1013 non
2116 974 2331 1012 omnem

742 1055 1086 1122 perlustravit
1112 1064 1333 1119 terram,
1364 1069 1548 1108 curam
1579 1062 1754 1106 tamen
1786 1051 2006 1119 hujusce
2050 1050 2147 1103 sibi
2181 1048 2332 1117 perli-

739 1144 916 1198 ciendi
948 1145 1152 1199 itineris
1180 1145 1648 1215 sustinuit.Neque
1672 1144 1810 1197 enim
1834 1142 2013 1195 animo
2033 1141 2099 1193 ita
2126 1148 2336 1209 paratus

736 1244 873 1302 erat,
892 1237 1041 1305 quasi
1074 1237 1139 1290 ad
1170 1225 1335 1291 solain
1384 1252 1553 1305 usque
1598 1235 1932 1289 Palaestinam
1980 1230 2333 1300 profecturus,

737 1326 834 1379 sed
853 1327 1005 1397 quasi
1037 1327 1229 1394 ubique
1254 1326 1531 1395 jubentem
1556 1336 1895 1395 sequnturus.
1916 1323 2125 1379 etiamsi
2150 1322 2334 1375 orbem

740 1428 909 1475 totum
942 1418 1217 1489 pervagari
1246 1419 1544 1488 juberetur,
1575 1418 1778 1470 etiamsi
1812 1416 1876 1468 ad
1910 1430 2000 1469 eas
2039 1429 2155 1483 quae
2187 1422 2333 1467 extra

743 1509 1036 1564 habitatam
1082 1518 1209 1563 Sunt
1258 1510 1458 1562 insulas
1497 1508 1775 1561 accedere.
1828 1505 1978 1571 Quod
2027 1504 2071 1557 si
2116 1517 2335 1571 sperare

738 1601 1068 1652 contrarium
1100 1609 1368 1667 [δι-ωερε)ιο
1397 1597 1673 1652 indefinito
1705 1597 2041 1657 suaderctur,
2070 1596 2119 1648 id
2151 1610 2335 1649 rursus

737 1698 854 1741 erat
883 1689 1338 1742 molestissimum.
1366 1687 1413 1742 Is
1440 1688 1583 1743 enim
1615 1689 1700 1757 qui
1731 1704 1892 1756 grave
1919 1686 2114 1756 aliquid
2139 1686 2339 1740 tolera-

741 1788 893 1833 turus
918 1788 1021 1844 est,
1058 1781 1223 1832 multo
1247 1778 1347 1833 fert
1374 1780 1565 1841 levius,
1600 1780 1643 1831 si
1676 1790 1860 1847 aperte
1906 1780 2038 1832 sciat
2084 1778 2206 1847 quid
2237 1778 2336 1830 sibi

740 1872 1108 1925 sustinendum
1135 1872 1224 1936 sit,
1254 1880 1307 1925 et
1332 1870 1396 1922 ad
1443 1870 1568 1939 quid
1614 1884 1731 1923 sese
1780 1884 2081 1937 praeparare
2120 1868 2332 1934 debeat,

739 1976 898 2030 quam
930 1961 973 2014 si
999 1976 1091 2030 per
1112 1962 1289 2015 oninia
1322 1961 1738 2031 cogitationibus
1770 1959 2001 2030 jactetur
2052 1958 2334 2026 ambiguis,

738 2063 793 2107 et
821 2068 958 2107 nunc
984 2055 1127 2118 beta,
1162 2054 1319 2107 modo
1353 2054 1522 2107 ll'lsli'd
1566 2038 1859 2122 exspectet,
1894 2066 1991 2106 nec
2024 2051 2191 2121 possit
2219 2050 2333 2105 cui-

739 2162 899 2213 quam
946 2143 1137 2198 horum
1199 2145 1493 2210 conlidere,
1545 2160 1665 2196 cum
1716 2155 1999 2212 utrumque
2032 2142 2229 2211 pariter
2258 2143 2338 2195 iu-

742 2246 947 2291 certutu
981 2237 1164 2290 haberi
1196 2240 1383 2306 possit.

812 2329 863 2380 7.
900 2328 1030 2394 Quot
1070 2329 1281 2381 adrcrsa
1312 2329 1477 2380 tulerit
1506 2328 1780 2380 Abraham.
1805 2356 1874 2366 —--
1904 2326 1968 2381 Et
1990 2327 2082 2379 ἕεις
2119 2324 2333 2395 quidem

739 2427 1024 2489 antequam
1068 2420 1117 2472 in
1168 2421 1548 2487 ι·υιιι·οιιιί›ειιιιιι
1596 2428 1790 2471 terram
1835 2420 2139 2487 pervenant
2172 2436 2182 2466 :
2214 2432 2335 2469 cum

740 2527 870 2565 vero
902 2512 1113 2565 tandem
1141 2514 1190 2565 iu
1227 2512 1556 2566 [‘altcslinaai
1592 2514 1848 2577 γριιίδηρῑ,
1883 2521 1935 2563 et
1966 2530 2022 2564 se
2044 2512 2150 2579 jam
2182 2511 2335 2578 quic-

740 2612 915 2656 turmn
944 2613 1204 2671 Speraret,
1240 2612 1364 2656 tunc
1398 2620 1523 2658 vero
1552 2603 1721 2671 major
1754 2604 1901 2656 illum
1938 2602 1987 2653 iu
2020 2611 2173 2669 portu
2198 2610 2334 2653 tem-

741 2704 919 2762 pestas
968 2694 1201 2765 exet-pit.
1249 2694 1345 2748 Est
1389 2706 1565 2748 autem
1612 2711 1674 2749 ea
1726 2710 1828 2747 non
1873 2694 2090 2747 minima
2139 2692 2337 2745 doloris

744 2793 902 2856 ratio,
930 2791 1038 2845 imo
1063 2792 1299 2844 omnium
1332 2789 1834 2852 intolerabilissima,
1860 2804 1979 2841 cum
2002 2788 2120 2859 quis
2146 2787 2339 2840 adver-

739 2885 814 2937 sis
842 2900 901 2937 se
938 2894 1182 2951 ereptum
1217 2896 1438 2953 putans,
1472 2896 1628 2952 atque
1658 2883 1721 2935 ad
1758 2883 1912 2936 linem
1950 2883 2121 2950 ipsmn
2155 2895 2338 2949 pervc-

742 2978 918 3040 uisse,
957 2993 1083 3030 cura
1115 2978 1222 3045 jam
1263 2977 1405 3029 omni
1442 2985 1494 3029 et
1525 2975 1844 3043 Cogitatione
1874 2974 2117 3037 solutus,
2150 2986 2334 3026 rursus

741 3069 948 3121 initium
981 3069 1124 3121 aliud
1158 3070 1415 3120 malorum
1437 3068 1667 3137 experiri
1695 3067 2058 3135 compellitur.
2091 3066 2221 3119 Nam
2246 3067 2333 3134 qui

741 3159 803 3212 ad
830 3158 1048 3213 ferenda
1080 3160 1302 3212 adversa
1330 3160 1504 3213 adhuc
1534 3170 1749 3228 paratus
1774 3168 1875 3224 est,
1902 3159 2136 3227 :equiore
2158 3159 2338 3211 animo

742 3251 841 3302 ista
873 3267 995 3303 cum
1028 3252 1127 3304 sibi
1174 3252 1487 3314 inl'ercntur,
1522 3252 1751 3318 excipiet
1785 3269 1796 3302 :
1832 3260 1884 3303 at
1914 3266 2040 3303 VL'I‘O
2068 3250 2112 3304 si
2152 3250 2338 3319 positis

741 3356 990 3394 curarum
1022 3342 1450 3409 Cogitationibus,
1482 3343 1679 3412 aliquid
1714 3342 1963 3409 bujusmo
1984 3342 2014 3393 li
2040 3343 2332 3410 contingat,

742 3430 949 3485 duabus
978 3448 1044 3485 ex
1079 3434 1316 3501 partilms
1348 3434 1608 3497 turbatur,
1636 3448 1697 3487 ac
1718 3443 2017 3503 expugnato
2042 3432 2208 3486 facilis
2230 3444 2333 3497 est,

742 3529 854 3575 tum
887 3522 1007 3591 quia
1044 3524 1402 3591 inexspectata
1438 3539 1524 3577 res
1557 3532 1657 3587 est,
1694 3534 1803 3577 tum
1832 3526 1954 3593 quia
1988 3540 2203 3578 onmem
2243 3540 2338 3579 cu-

743 3627 856 3666 ram
885 3622 938 3667 et
985 3622 1297 3683 apparatum
1329 3615 1594 3683 deposuit.
1625 3615 1880 3682 Quantam
1910 3632 2036 3684 ergo
2068 3617 2162 3668 ista
2198 3624 2332 3668 tem-

744 3712 921 3773 pestas
946 3704 1082 3757 fuit?
1113 3704 1300 3757 Fames
1320 3705 1388 3759 ita
1409 3706 1579 3759 valida
1600 3707 1935 3759 l’almStinam
1960 3716 2333 3773 occupaverat,

744 3806 798 3849 ut
820 3797 943 3849 inde
973 3799 1226 3850 continuo
1257 3814 1543 3868 exsurgere
1568 3810 1784 3852 coactus
1812 3791 1901 3864 s'it,
1922 3808 2079 3867 atque
2106 3798 2155 3851 in
2176 3797 2339 3868 [Egy-

744 3878 893 3955 ptum
920 3888 1202 3956 prolicisci.
1228 3888 1343 3955 Quo
1365 3904 1487 3942 cum
1513 3890 1862 3956 pervenisset,
1882 3890 2042 3942 veluti
2074 3890 2337 3943 malorum

740 3981 896 4033 tinem
956 3980 1304 4044 inventurus,
1352 3980 1452 4033 alia
1497 3980 1645 4033 illum
1690 3994 1876 4034 rursus
1916 3979 2056 4034 fame
2100 3980 2340 4033 acerbior

739 4073 1015 4125 calamitas
1040 4073 1252 4138 invasit,
1285 4072 1419 4127 adeo
1450 4081 1506 4125 ut
1531 4072 1598 4125 de
1628 4086 1831 4125 summa
1859 4087 2038 4126 rerum
2069 4072 2340 4141 periclita-

740 4174 908 4229 retur,
937 4174 1094 4236 atque
1144 4181 1209 4219 eo
1252 4165 1458 4219 timoris
1486 4163 1743 4219 deductus
1766 4165 1856 4225 sit,
1885 4174 1944 4218 ut
1970 4163 2107 4233 quod
2134 4163 2337 4233 gravis—

742 4255 933 4306 simmn
966 4242 1048 4309 th
1077 4256 1335 4317 omnium,
1368 4270 1588 4308 uxorem
1634 4254 1839 4307 scilicet
1898 4254 2086 4308 aliena:
2132 4254 2335 4307 libidini

739 4362 1033 4416 exponere,
1061 4358 1203 4401 metu
1231 4358 1444 4402 coactus
1470 4348 1711 4415 eligeret.
1738 4346 1793 4399 In
1812 4356 2011 4400 tantam
2033 4348 2172 4400 enim
2213 4356 2338 4401 tunc

744 4439 1121 4492 necessitatem
1149 4439 1380 4502 devenit,
1411 4448 1466 4491 ut
1494 4440 1655 4492 etiam
1679 4438 2016 4491 simulatione
2049 4448 2286 4492 uteretur
2318 4456 2333 4493 :

737 4545 841 4599 quo
868 4530 992 4599 quid
1016 4529 1117 4583 dici
1160 4531 1511 4583 miserabilius
1550 4530 1753 4600 possit“?
1797 4531 1912 4596 Quo
1956 4530 2098 4583 enim
2157 4530 2338 4585 animo

741 4624 887 4677 illum
918 4622 1081 4676 fuisse
1111 4623 1406 4688 existimas,
1436 4638 1554 4677 eum
1585 4624 1733 4677 uxori
1764 4624 1831 4676 ita
1861 4625 2142 4678 consulere
2173 4640 2333 4694 coge-

738 4722 902 4777 retur,
934 4722 987 4767 et
1016 4712 1220 4767 diceret
1249 4733 1260 4765 :
1293 4713 1413 4768 Scio
1443 4731 1531 4783 ego
1573 4716 1707 4783 quod
1754 4715 1934 4768 mulier
1975 4715 2158 4767 decora
2205 4719 2336 4784 facie

736 4806 823 4859 sis.
856 4804 964 4857 Erit
987 4823 1104 4876 ergo
1134 4823 1247 4858 cum
1276 4817 1321 4859 te
1342 4807 1554 4860 viderint
1579 4806 1835 4877 Egyptii,
1864 4809 2047 4860 dicturi
2075 4821 2191 4862 sunt
2216 4810 2335 4876 quia

741 4896 886 4950 Uxor
913 4897 1049 4950 illius
1072 4907 1177 4962 est;
1208 4910 1254 4950 et
1282 4898 1575 4966 interficiant
1598 4916 1695 4963 ine,
1724 4910 1767 4951 et
1798 4902 2117 4953 reservabant
2135 4910 2198 4954 te.
2240 4900 2332 4953 Dic

741 5006 861 5059 ergo
894 4991 1014 5056 quia
1060 4990 1223 5044 Soror
1249 4991 1387 5044 illius
1420 5008 1552 5055 sum,
1584 5001 1639 5043 ut
1662 4992 1783 5044 bene
1803 4992 1925 5043 mihi
1947 4993 2009 5044 sit
2033 5003 2224 5060 propter
2265 5002 2329 5057 te,

737 5082 963 5141 vivatque
983 5083 1153 5134 anima
1177 5098 1285 5134 mea
1302 5082 1362 5134 ob
1382 5083 1598 5153 gratiam
1626 5084 1698 5135 tui
1722 5081 1875 5150 ((icn.
1905 5082 1991 5135 12.
2014 5083 2093 5136 Η.
2125 5083 2331 5145 15).Ιίίς

734 5171 916 5225 verbis
966 5187 1092 5225 usus
1144 5182 1226 5225 est
1273 5173 1362 5242 qui
1421 5183 1639 5242 propter
1679 5173 1863 5235 Deum,
1896 5183 1955 5227 et
2009 5173 2253 5241 patriam,
2279 5183 2334 5228 et

735 5264 977 5329 domum,
1002 5273 1057 5317 et
1106 5264 1329 5330 amicos,
1377 5272 1431 5318 et
1468 5273 1742 5334 cegnatos,
1785 5264 1995 5331 aliaque
2040 5264 2331 5319 domestica

734 5354 913 5407 omnia
953 5352 1266 5420 dimiserat;
1314 5357 1402 5425 qui
1460 5355 1621 5411 talem
1670 5371 1959 5410 arumnam
2021 5364 2333 5425 tantumque

737 5445 938 5499 laboris
985 5453 1092 5497 tam
1148 5446 1353 5516 prolixo
1411 5458 1653 5516 tempore
1693 5448 1745 5501 in
1800 5448 1988 5504 itinere
2048 5465 2332 5519 perpessus

737 5537 911 5590 fuerat
941 5554 953 5589 :
986 5550 1039 5592 et
1068 5548 1242 5595 tamen
1276 5540 1403 5594 nihil
1436 5540 1736 5611 hujusmodi
1768 5542 2016 5611 loquutus
2034 5552 2137 5611 est,
2168 5553 2326 5611 puta:

738 5627 972 5698 lleliquit
1019 5646 1103 5684 mc
1149 5631 1304 5697 Deus,
1338 5642 1392 5687 et
1415 5643 1689 5688 aversatus
1718 5642 1819 5697 est,
1864 5649 2067 5703 suaque.
2108 5649 2235 5688 cura
2280 5645 2333 5689 et

738 5720 1067 5789 providentia
1094 5724 1355 5789 exclusit;
1385 5725 1477 5779 sed
1525 5726 1732 5781 fortiter
1772 5728 1953 5781 omnia
2002 5744 2066 5784 ac
2105 5729 2334 5784 ﬁdeliter

737 5814 955 5881 pertulit
984 5832 997 5868 :
1026 5823 1073 5869 ct
1101 5816 1190 5885 qui
1221 5818 1447 5872 maxime
1467 5819 1726 5886 omnium,
1755 5834 1920 5875 uxore
1952 5837 2045 5892 per
2068 5836 2330 5877 summam

1467 391 1524 448 S.
1569 390 1842 447 JOANNIS
1880 390 2353 449 CllllYSOSTOMI
2393 390 2718 447 Αιιειιιερ.
2760 384 3300 455 CONSTANTlNOl‘.

3934 382 4039 440 ιω

2445 502 2550 554 vim
2575 500 2915 555 contumeliis
2936 500 3123 554 affecta
3150 500 3304 553 irasci
3328 497 3603 561 debuerat,
3634 497 3822 567 agebat
3862 498 4039 550 omnia

2444 608 2509 645 ne
2541 591 2859 645 contumelia
2904 589 3185 644 manifesta
3239 589 3411 644 ﬁeret.
3447 588 3557 649 Hoc
3584 602 3711 641 vero
3740 587 4043 657 cujusmodi

2443 684 2688 739 maeroris
2733 699 2794 737 ac
2835 683 3035 736 doloris
3075 685 3162 746 sit,
3212 697 3460 737 sermone
3502 680 3758 749 explicari
3806 679 4042 750 nequit:

2445 786 2638 830 norunt
2666 776 2715 830 id
2739 792 2925 829 omnes
2951 776 3038 844 qui
3073 790 3273 829 uxores
3303 774 3585 837 duxerunt,
3620 781 3781 842 atque
3811 772 3862 825 in
3892 771 4041 825 zelo-

2448 866 2605 938 typize
2634 881 2886 934 umquam
2916 866 3277 934 suspicionem
3308 864 3630 918 inciderunt.
3669 862 3773 916 Sed
3802 872 3859 916 et
3882 861 4041 915 Salo-

2442 974 2564 1010 mon
2594 973 2836 1026 quasnam
2870 957 2936 1009 sit
2975 955 3090 1009 haec
3122 955 3297 1024 passio
3330 952 3774 1017 testatur,dicens
3806 970 3819 1006 :
3852 951 4049 1007 Plenas

2440 1049 2573 1101 enini
2600 1049 2706 1099 zelo
2738 1052 2880 1118 [uror
2902 1047 2992 1100 viri
3019 1048 3130 1114 eius
3155 1050 3194 1112 ‘,
3219 1063 3317 1099 non
3348 1055 3513 1114 parcet
3547 1046 3598 1098 in
3622 1045 3700 1097 die
3719 1044 3927 1113 judicii,
3954 1060 4044 1097 ne-

2441 1156 2537 1208 que
2563 1138 2702 1191 nullo
2721 1139 2880 1207 pretio
2910 1139 3204 1191 inimicitias
3228 1138 3404 1203 solvet,
3429 1154 3588 1206 neque
3619 1137 3763 1189 donis
3809 1137 4047 1206 plurimis

2441 1231 2846 1285 reconciliabitnr
2895 1230 3075 1301 (Prov.
3118 1231 3170 1285 6.
3233 1231 3321 1284 54.
3347 1229 3460 1298 35).
3503 1231 3567 1282 Et
3609 1245 3837 1283 rursus:
3872 1226 4049 1282 Fortis

2441 1332 2495 1375 ut
2522 1339 2656 1375 mors
2683 1321 2904 1385 dilectio,
2949 1322 3107 1374 durus
3134 1331 3185 1374 ut
3225 1322 3455 1390 infernus
3500 1320 3639 1373 zelus
3680 1318 3851 1392 (Cant.
3881 1321 3933 1374 8.
3961 1320 4046 1387 6).

2440 1414 2592 1483 Quod
2619 1416 2662 1468 si
2694 1416 2966 1484 zelotypus
2994 1415 3063 1467 ita
3108 1413 3471 1479 excandescit,
3503 1414 3546 1466 is
3575 1413 3662 1482 qui
3693 1413 3852 1465 tantis
3884 1426 4048 1481 pres-

2440 1524 2530 1561 sus
2561 1516 2676 1561 erat
2698 1507 3068 1572 incommodis,
3089 1516 3146 1560 ut
3165 1514 3447 1576 cogeretur
3475 1505 3552 1559 eis
3579 1521 3787 1575 quoque
3813 1504 4048 1569 adulari,

2441 1599 2615 1667 quise
2644 1599 2983 1652 contumeliis
3027 1597 3322 1660 ofﬁcerent,
3354 1606 3408 1650 et
3434 1612 3569 1666 quos
3620 1595 3800 1650 ulcisci
3838 1594 4048 1648 debue-

2442 1700 2748 1755 rat,cnncta
2779 1690 2954 1743 facere
2978 1698 3032 1741 ut
3054 1688 3303 1741 libidines
3327 1687 3626 1757 explerent,
3651 1700 3851 1755 suaque
3876 1676 4049 1739 uxore

2441 1783 2764 1846 fruerentur,
2798 1797 2904 1850 quo
2934 1796 3037 1834 non
3064 1780 3170 1833 dici
3210 1789 3383 1847 potest
3415 1775 3807 1831 miserabilior?
3837 1775 4048 1829 Interea

2440 1888 2561 1925 cum
2596 1872 2691 1925 ista
2724 1886 2936 1941 quoque
2987 1871 3157 1924 tristia
3206 1870 3364 1922 finem
3392 1869 3748 1937 accepissent,
3789 1867 3890 1920 alia
3925 1882 4052 1920 rur-

2442 1979 2533 2017 sos
2578 1965 2800 2019 adversa
2841 1965 3213 2035 gignebantur,
3246 1961 3476 2031 faunique
3524 1961 3720 2015 bellum
3765 1962 4049 2016 successit.

2440 2053 2641 2110 Omitto
2685 2072 2824 2109 nunc
2855 2057 2996 2109 rixas
3028 2064 3082 2109 et
3119 2056 3289 2123 jurgia
3324 2064 3617 2122 pastorum,
3651 2052 4053 2120 separationem

2440 2164 2469 2200 a
2502 2146 2681 2201 fratris
2730 2145 2838 2199 lilio
2872 2164 2883 2199 :
2917 2144 3158 2213 quann'is
3207 2145 3565 2213 istaquoque,
3595 2143 3639 2196 si
3666 2158 3787 2196 cum
3831 2144 4052 2197 exteris

2441 2240 2834 2303 examinentur,
2870 2252 3156 2292 niterorem
3188 2252 3289 2288 non
3319 2236 3644 2289 mediocrem
3675 2234 3870 2289 inferre
3915 2249 4051 2303 pus.

2442 2332 2568 2385 sint.
2598 2330 2726 2383 Cum
2748 2330 2889 2383 enim
2923 2330 2965 2383 is
2995 2329 3082 2399 qui
3106 2337 3349 2383 servatus
3376 2327 3440 2380 ab
3465 2342 3528 2381 eo
3552 2328 3741 2390 fuerat,
3774 2327 4051 2395 tantisque

2443 2439 2538 2491 per
2589 2424 2734 2475 illum
2783 2423 2979 2491 potitus
3035 2421 3369 2486 commodis,
3419 2422 3509 2481 qui
3558 2421 3656 2473 sibi
3714 2420 3906 2475 cedere
3953 2436 4054 2489 per

2442 2515 2640 2578 omnia,
2708 2524 3053 2584 pastoresque
3099 2529 3224 2567 suos
3277 2516 3551 2583 incremre
3598 2511 3889 2578 debuerat;
3938 2511 4053 2579 hic,

2441 2608 2661 2677 optione
2711 2609 3000 2676 preposita,
3051 2605 3365 2660 fertiliorem
3414 2605 3512 2659 sibi
3551 2606 3821 2676 regionem
3850 2606 4049 2675 elegit,

2444 2697 2695 2751 incultam
2740 2696 2814 2752 illi
2853 2714 2916 2752 ac
2957 2699 3309 2753 desertiorem
3355 2698 3697 2767 relinquens:
3728 2698 3877 2766 quis,
3925 2712 4052 2763 orn,

2445 2788 2604 2844 facile
2651 2792 2831 2854 ferret,
2884 2808 2988 2844 non
3029 2791 3150 2845 dico
3194 2791 3599 2858 detrimentum,
3631 2790 3724 2844 sed
3776 2790 4050 2859 injuriam,

2442 2895 2565 2934 cum
2596 2881 2801 2934 videret
2826 2897 2904 2947 se,
2939 2883 3026 2952 qui
3061 2882 3231 2950 ipsum
3278 2881 3615 2944 hooorasset,
3645 2896 3831 2949 parum
3878 2881 4056 2936 hono-

2444 2974 2591 3028 rifice
2640 2976 2878 3038 tractari,
2908 2990 2969 3029 ac
2995 2976 3254 3029 minorem
3297 2975 3542 3043 accipere
3568 2974 3816 3045 partem?
3842 2973 3897 3026 ld
3926 2974 4054 3043 qui-

2442 3066 2583 3119 dem-
2614 3068 2758 3120 omni
2816 3067 3139 3121 detrimento
3194 3068 3407 3136 gravius
3449 3076 3727 3128 censetur;
3789 3066 3886 3119 sel
3932 3066 4053 3121 haec

2445 3166 2623 3211 tamen
2676 3159 2920 3213 universa
2973 3168 3233 3227 praetereo
3265 3176 3276 3209 :
3308 3157 3374 3211 de
3405 3156 3701 3225 patriarcha
3741 3159 3908 3219 enim,
3944 3175 4053 3211 non

2443 3249 2509 3303 de
2532 3252 2721 3314 quovis
2750 3249 2963 3302 homine
2997 3249 3148 3302 nobis
3180 3265 3359 3302 sermo
3385 3259 3488 3303 est.

2518 3341 2569 3394 8.
2598 3340 2866 3394 Successit
2901 3341 2972 3393 illi
3002 3340 3123 3392 fami
3171 3340 3441 3409 Persicum
3486 3338 3704 3412 bellum,
3733 3341 4054 3410 cogiturque

2444 3432 2702 3486 adversus
2721 3433 2903 3487 hostes
2937 3433 3154 3486 victoria
3184 3433 3355 3486 elatos
3379 3433 3599 3486 militem
3628 3433 3824 3487 dueere
3852 3434 3918 3498 is,
3949 3435 4045 3503 qui

2449 3525 2708 3593 principio
2731 3540 2835 3577 non
2865 3525 3091 3578 alTuerat
3140 3525 3285 3588 belli,
3320 3525 3542 3594 integris
3593 3525 3769 3580 adhuc
3797 3527 4048 3595 utrisque

2448 3616 2706 3684 partibus,
2741 3616 2835 3669 sed
2882 3616 3103 3669 victoria
3144 3616 3255 3685 jam
3291 3618 3476 3686 petitis
3513 3616 3776 3681 hostibus,
3800 3633 4049 3675 cumcos

2444 3726 2602 3764 nemo
2630 3709 2769 3763 ferre
2796 3721 2999 3780 posset,
3031 3710 3133 3789 sed
3175 3710 3261 3763 alii
3294 3710 3508 3779 quidem
3548 3711 3743 3780 passim
3779 3710 3991 3766 interici
4015 3715 4053 3764 ti

2442 3812 2643 3867 essent,
2670 3804 2754 3857 alii
2783 3820 2841 3858 se
2864 3804 3082 3857 latebris
3108 3812 3159 3856 et
3194 3801 3328 3875 fugat
3362 3803 3657 3869 dedissent,
3702 3814 3754 3857 et
3788 3805 3975 3874 reliqui
4000 3807 4054 3857 in

2444 3898 2755 3952 servitutem
2780 3896 2996 3951 abducti
3030 3896 3272 3950 fuissent.
3322 3895 3426 3950 Sed
3459 3905 3635 3949 tamen
3693 3895 3821 3948 nihil
3856 3896 4055 3952 borum

2447 3989 2595 4042 illum
2623 3997 2679 4042 ut
2704 3987 2850 4041 domi
2875 3999 3114 4041 maneret
3144 3987 3375 4051 induxit,
3401 3986 3493 4041 sed
3518 3986 3825 4041 vehementi
3858 4001 4056 4041 nimi-o-

2445 4094 2504 4133 re
2535 4078 2813 4148 perculsus
2841 4078 3114 4147 profectus
3136 4091 3238 4143 est,
3288 4080 3403 4149 ipse
3427 4093 3641 4148 quoque
3678 4078 3920 4147 ejusdem
3953 4094 4052 4133 ca-

2444 4170 2696 4223 lamitatis
2724 4170 2989 4238 particeps
3021 4169 3249 4233 futurus,
3273 4185 3437 4239 seque
3478 4170 3650 4239 ipsum
3695 4167 3835 4223 baud
3866 4169 4051 4224 dubie

2443 4262 2561 4315 neci
2586 4261 2946 4330 expositurus.
2972 4260 3101 4314 Nam
3124 4261 3260 4315 velle
3287 4275 3405 4314 cum
3431 4260 3681 4314 trecentis
3711 4260 3883 4314 servis
3913 4262 4053 4326 suis,

2443 4354 2524 4407 vel
2559 4354 2767 4407 modice
2800 4354 3059 4422 pluribus,
3092 4352 3374 4406 adversum
3409 4352 3619 4407 hostem
3663 4352 4053 4407 numerosissi-

2445 4461 2593 4499 nium
2621 4446 2876 4499 dimicare
2895 4446 3027 4499 nihil
3048 4446 3191 4499 aliud
3231 4445 3471 4515 profecto
3512 4455 3649 4511 erat,
3674 4460 3835 4515 quam
3892 4460 3952 4500 se
3993 4456 4053 4500 et

2442 4522 2731 4606 captivitati
2754 4548 2805 4591 et
2836 4538 3095 4607 supplicio
3127 4548 3181 4592 ct
3210 4539 3368 4592 morti
3403 4538 3765 4593 acerbissima:
3808 4554 4053 4607 expone-

2444 4646 2522 4684 re.
2562 4628 2836 4683 l‘rol‘ecms
2874 4630 3050 4698 itaque
3073 4639 3174 4690 est,
3221 4638 3277 4681 ut
3300 4628 3414 4698 ipse
3456 4644 3667 4697 quoque
3711 4629 4051 4684 barbaricam

2445 4722 2828 4775 immanitatem
2858 4723 3217 4791 experiretur.
3250 4721 3447 4774 Verum
3509 4721 3599 4773 Dei
3624 4722 3906 4775 clementia
3930 4736 4054 4775 ser-

2445 4827 2616 4880 vatus,
2646 4813 2773 4876 [usis
2804 4813 3069 4875 hostibus,
3094 4812 3291 4880 pra-da:
3330 4828 3392 4865 ac
3413 4812 3623 4879 cognati
3669 4827 3892 4881 compos
3920 4826 4052 4868 cum

2443 4914 2757 4969 remeasset,
2787 4919 2881 4957 sua
2922 4920 3109 4957 rursus
3158 4903 3493 4957 incommoda
3547 4903 3677 4958 flere
3734 4903 4049 4973 cogebatur,

2442 5011 2576 5059 cum,
2594 4997 2663 5051 ob
2682 4997 2949 5051 defectum
2978 4997 3267 5052 liberorum
3291 4997 3494 5057 nullum
3516 4998 3844 5067 relinqueret
3874 4996 4051 5050 haere-

2442 5090 2623 5145 ditatis
2694 5105 3084 5145 successorem.
3112 5088 3229 5143 Noli
3251 5090 3393 5144 enim
3416 5089 3744 5153 existimare,
3770 5102 3891 5143 cum
3924 5104 4050 5143 eum

2440 5182 2595 5236 audis
2620 5183 2898 5250 conqueri,
2923 5193 2975 5235 et
3004 5182 3069 5234 ad
3096 5182 3260 5235 Deum
3294 5181 3492 5244 dieare,
3528 5180 3665 5246 Quid
3716 5181 3838 5233 mihi
3858 5180 4003 5233 dabis
4030 5181 4057 5235 .’

2444 5291 2538 5345 ego
2568 5285 2737 5327 autem
2768 5274 2874 5327 sine
2894 5274 3062 5327 liberis
3119 5263 3266 5343 pereo
3295 5272 3312 5341 ζ
3340 5270 3468 5325 Gen.
3520 5272 3606 5326 15.
3641 5271 3677 5324 2
3704 5270 3745 5343 ),
3787 5270 3925 5325 hanc
3976 5272 4052 5325 illi

2447 5377 2721 5423 recentem
2755 5365 2917 5422 fuisse
2944 5382 3007 5421 ac
3033 5380 3225 5420 novam
3255 5365 3586 5419 molestiam:
3612 5364 3727 5419 hmc
3752 5364 3897 5418 enim
3923 5378 4053 5416 cura

2446 5470 2502 5514 ct
2528 5457 2835 5514 sollicitudo
2876 5474 2998 5511 cum
3036 5473 3234 5530 Sponsa
3268 5473 3369 5512 una
3399 5458 3451 5511 in
3482 5457 3699 5511 domum
3728 5456 3858 5526 justi
3907 5457 4054 5512 illius

2432 5540 2744 5616 intronerat,
2774 5552 2884 5605 imo
2930 5566 3060 5606 vero
3089 5562 3215 5606 ante
3266 5552 3439 5621 ipsum
3488 5554 4046 5621 ingressumSponsie.

2441 5645 2653 5715 Quippe
2672 5660 2863 5699 omnes
2883 5644 3282 5711 consuevimus,
3311 5660 3431 5699 cum
3473 5644 3758 5713 incipimus
3783 5642 3853 5698 de
3881 5657 4052 5701 υκαι

2444 5741 2706 5809 cogitare,
2741 5738 2845 5807 iam
2876 5747 3000 5792 tunc
3028 5736 3105 5793 rei
3150 5736 3321 5808 ipsius
3350 5738 3496 5795 curis
3532 5735 3785 5794 euntibus
3830 5735 4051 5803 tentari,

2508 5853 2526 5883 ι
2554 5856 2718 5912 Deest,
2745 5851 2868 5912 eius,
2888 5851 2935 5899 in
2959 5848 3090 5899 Cotb.
