4264 6312
285 370 390 430 ισι

287 504 517 558 quarum
550 489 790 544 omnium
811 501 1056 559 suprema
1088 494 1172 541 est
1199 485 1474 550 sterilitas,
1502 490 1783 552 metusque
1812 479 1879 536 il-

287 583 341 636 le
362 596 430 636 ex
471 595 534 636 ea
563 580 650 635 die
687 589 900 634 nostros
949 579 1157 632 animos
1210 577 1462 646 exagitat.
1496 574 1651 643 Quod
1680 576 1724 628 si
1751 587 1884 628 con-

285 672 462 744 tingat
492 681 615 742 post
644 672 1041 728 matrimonium
1091 670 1405 726 solemniter
1449 676 1743 737 peractum,
1771 665 1881 734 pri-

282 779 436 818 mum
467 773 520 818 et
537 762 830 819 secundum
883 763 997 818 sive
1049 762 1263 816 tertium
1293 775 1491 816 annum
1539 759 1654 814 sine
1699 756 1882 812 liberis

283 857 538 922 transire,
565 865 694 910 tunc
712 854 822 925 jam
844 864 1066 926 augetur
1100 853 1276 918 dolor,
1304 867 1366 908 ac
1394 852 1515 906 laeta
1542 865 1665 921 spes
1689 848 1882 904 minui-

281 953 391 1001 tur.
427 946 634 1000 Rursus
658 946 840 1016 elapso
871 945 1060 1015 majori
1093 954 1336 1014 tempore
1374 942 1593 998 omnino
1635 955 1758 1010 spes
1783 954 1881 995 nos

279 1036 373 1090 illa
399 1035 622 1103 deserit,
651 1037 799 1092 solus
827 1051 1026 1092 mceror
1056 1037 1291 1090 animum
1321 1042 1567 1104 occupat,
1596 1034 1881 1103 omniaque

278 1128 407 1182 vita:
430 1126 666 1197 jucunda
691 1127 850 1182 simul
914 1127 1257 1192 obnubilans,
1297 1127 1500 1181 nullum
1530 1125 1687 1181 nobis
1724 1125 1878 1181 volu-

279 1228 445 1288 ptatis
484 1235 702 1275 sensum
750 1220 1029 1289 permittit.
1065 1218 1246 1290 Itaque
1273 1219 1373 1274 etsi
1401 1219 1532 1274 nihil
1568 1219 1880 1289 contigisset

279 1308 523 1377 adversi,
554 1318 852 1380 cunctaque
873 1309 940 1364 ad
962 1319 1144 1364 votum
1170 1310 1578 1375 successissent,
1615 1309 1716 1362 ista
1739 1308 1874 1363 libe-

278 1415 466 1454 rorum
493 1399 693 1455 orbitas
718 1401 856 1456 laetis
882 1401 987 1455 illis
1013 1401 1171 1456 rebus
1201 1400 1436 1463 admota.
1468 1408 1714 1455 cunctam
1733 1400 1876 1453 illam

279 1491 691 1560 proSperitatem
742 1491 1018 1547 obnubere
1069 1506 1132 1545 ac
1160 1490 1397 1560 dejicere
1428 1490 1540 1544 sola
1594 1491 1890 1560 potuisset:

275 1582 413 1639 Nam
435 1585 717 1654 promissio
739 1585 827 1638 illa
853 1583 1031 1639 divina
1061 1584 1128 1639 ad
1175 1595 1470 1639 extremam
1522 1592 1875 1646 senectutem,

275 1673 494 1744 quando
554 1675 788 1730 maxime
827 1675 1212 1744 desperabatur
1259 1673 1468 1743 impleri
1521 1687 1697 1743 posse,
1741 1674 1876 1726 facta

275 1777 362 1822 est
393 1785 407 1833 ;
437 1767 600 1837 priori
630 1778 811 1822 autem
839 1776 951 1822 toto
995 1775 1242 1836 tempore
1272 1782 1300 1819 a
1340 1767 1484 1821 luctu
1544 1775 1599 1820 et
1643 1780 1876 1824 maerore

277 1872 570 1927 numquam
599 1867 912 1912 vacaverat:
946 1866 1252 1927 quantoque
1280 1855 1509 1926 amplius
1529 1856 1709 1924 augeri
1737 1854 1868 1909 divi-

277 1951 380 2004 tias
423 1949 670 2013 videbat,
711 1959 858 2004 tanto
909 1950 1122 2020 lugebat
1171 1947 1565 2012 vehementius,
1613 1962 1736 2001 cum
1767 1963 1873 2000 non

274 2051 443 2105 esset,
468 2041 556 2111 qui
574 2040 659 2095 bis
703 2040 954 2095 omnibus
1007 2038 1342 2094 succederet.
1374 2037 1509 2105 Quid
1558 2054 1686 2092 vero
1722 2039 1871 2092 illum

275 2144 404 2189 tunc
448 2149 659 2203 passum
724 2143 901 2203 putas,
975 2133 1191 2203 quando
1241 2131 1489 2186 audivit:
1539 2130 1872 2202 Peregrinum

274 2227 368 2279 erit
393 2235 717 2280 sementuum
744 2227 796 2279 in
838 2235 972 2280 terra
1014 2241 1118 2278 non
1144 2241 1258 2290 sua,
1301 2234 1347 2278 et
1375 2224 1427 2277 in
1463 2225 1748 2277 servitutem
1789 2240 1873 2278 eos

272 2319 523 2389 redigent,
547 2328 593 2371 et
622 2319 840 2389 aﬂliqmt
865 2360 881 2383 ,
907 2328 1056 2387 atque
1084 2318 1418 2371 humiliabunt
1452 2317 1598 2369 annis
1621 2317 1869 2385 quadrin-

272 2408 436 2478 gentis
465 2408 482 2480 (
516 2407 642 2462 Gen.
695 2410 782 2464 15.
818 2409 883 2464 I3
912 2407 932 2480 )
961 2407 983 2461 ?
1012 2407 1156 2463 Uxor
1205 2417 1384 2462 autem
1429 2409 1673 2462 ancillam
1719 2423 1869 2462 suam

274 2514 417 2554 nunc
434 2500 531 2554 viri
570 2501 906 2570 amplexibus
946 2501 1199 2570 jungens,
1257 2515 1398 2553 nunc
1429 2510 1547 2568 post
1584 2515 1702 2554 eam
1735 2516 1868 2555 con-

269 2589 603 2660 junctionem
653 2591 1171 2658 expostulationibus
1219 2591 1367 2644 illum
1411 2600 1466 2646 et
1517 2591 1870 2660 querimoniis

271 2683 500 2752 agitans,
530 2683 802 2752 Deumque
829 2683 1086 2738 adversus
1125 2699 1248 2738 eum
1280 2698 1497 2747 vocans,
1529 2693 1583 2737 et
1609 2698 1726 2737 eam
1750 2699 1869 2752 qua:

278 2775 378 2829 tori
410 2775 674 2843 particeps
717 2774 908 2840 fuerat,
939 2791 1060 2830 cum
1095 2774 1206 2844 jam
1236 2775 1401 2828 tilium
1431 2775 1664 2843 paritura
1701 2782 1864 2841 esset,

269 2865 433 2921 domo
454 2866 742 2921 deturbare
763 2882 977 2937 cogens,
1003 2883 1287 2937 quemnam
1312 2867 1364 2919 in
1398 2881 1681 2921 maerorem
1712 2882 1867 2920 acer-

269 2959 550 3014 bissitnnm
585 2975 689 3014 non
738 2961 1163 3030 prazcipitasset?
1197 2961 1295 3013 Ista
1341 2960 1495 3013 sicui
1529 2959 1754 3013 fortasse
1784 2959 1861 3012 lc-

269 3051 354 3103 via
382 3050 650 3117 videntur,
682 3051 725 3104 is
755 3066 876 3105 cum
924 3051 1238 3120 cogitaverit
1287 3050 1516 3103 familias
1561 3059 1617 3104 et
1673 3049 1864 3103 domos

269 3144 502 3213 integras
533 3145 721 3198 harum
746 3161 922 3199 rerum
965 3161 1123 3199 causa
1147 3144 1342 3212 smpins
1393 3158 1628 3208 eversas,
1658 3142 1862 3211 justum

270 3235 422 3289 illum
467 3237 836 3291 admirabilur.
895 3237 1007 3292 Etsi
1059 3238 1203 3290 enim
1239 3237 1443 3290 timoris
1493 3235 1656 3290 divini
1707 3250 1865 3289 causa

269 3322 478 3379 fortiter
500 3325 704 3380 ferebat
729 3329 930 3392 omnia,
957 3329 1117 3381 homo
1143 3336 1318 3380 tamen
1361 3334 1495 3388 erat,
1538 3326 1676 3380 etiis
1705 3325 1865 3380 rebus

269 3429 374 3469 non
403 3425 609 3485 poterat
628 3434 734 3471 non
763 3419 884 3487 angi
915 3429 1075 3486 atque
1103 3417 1350 3472 cruciari.
1377 3417 1582 3470 Rursus
1615 3427 1792 3470 autem
1813 3419 1864 3470 in

269 3509 485 3563 domum
508 3511 699 3564 ancilla
725 3511 1047 3581 regreditur,
1079 3511 1261 3579 illique
1290 3510 1510 3564 nothum
1554 3511 1709 3581 parit,
1743 3510 1861 3564 effi-

269 3600 513 3669 citurque
554 3601 824 3654 Abraham
876 3612 1029 3670 pater
1087 3611 1206 3670 post
1258 3601 1387 3654 illud
1426 3603 1560 3655 adeo
1601 3602 1863 3670 prolixum

269 3701 482 3763 tempus
515 3709 526 3744 :
571 3693 846 3761 ineratque
871 3695 946 3748 rei
991 3694 1237 3762 voluptas
1281 3692 1548 3762 qnazdam,
1580 3693 1671 3748 sed
1696 3694 1866 3763 major

267 3797 428 3837 causa
456 3782 680 3837 doloris.
711 3783 921 3838 Nothus
967 3785 1111 3838 enim
1159 3784 1250 3838 ille
1277 3783 1416 3837 filius
1459 3783 1678 3854 legitimi
1740 3798 1864 3839 eum

269 3873 614 3942 admonebat,
666 3876 944 3946 majusque
1016 3877 1155 3931 illius
1197 3876 1524 3932 desiderium
1574 3876 1861 3946 injiciebat.

268 3964 421 4031 Quod
441 3967 583 4022 enim
609 3968 685 4021 illi
712 3967 911 4023 dictum
938 3979 1053 4022 erat
1085 3986 1097 4022 :
1125 3967 1247 4022 Non
1293 3969 1388 4024 erit
1417 3967 1506 4023 ille
1533 3969 1692 4022 luere:
1721 3977 1859 4034 tuus,

269 4058 358 4112 sed
377 4058 464 4128 qui
488 4058 769 4126 egredietur
793 4075 856 4112 ex
883 4067 930 4112 te
955 4061 971 4127 (
997 4057 1135 4112 Ibid.
1160 4058 1233 4130 4)
1259 4101 1274 4127 ,
1317 4058 1383 4113 de
1410 4057 1634 4115 lsmaele
1661 4058 1861 4114 dictum

271 4151 436 4207 fuisse
471 4153 831 4208 arbitrabatur
865 4171 878 4206 :
915 4153 1119 4209 nullum
1159 4154 1300 4209 enim
1351 4164 1575 4210 eatenus
1621 4153 1689 4210 de
1731 4154 1864 4210 Sara

271 4259 585 4315 responsum
612 4255 913 4314 acceperat.

342 4336 684 4393 Sodomorum
725 4339 896 4392 clades
947 4339 1144 4394 occasio
1184 4339 1411 4393 maeroris
1449 4338 1758 4393 Abrahamo.
1795 4369 1865 4380 —

269 4433 400 4489 Cum
433 4445 565 4489 vero
591 4431 806 4488 domum
835 4432 1117 4487 clariorem
1149 4432 1215 4487 de
1259 4433 1406 4488 Isaac
1456 4432 1863 4502 promissionem

270 4525 582 4594 accepisset,
607 4533 923 4594 tempusque
963 4531 1149 4592 partus
1178 4523 1453 4578 definitum
1487 4532 1647 4588 esset,
1679 4537 1864 4576 rursus

270 4626 551 4688 antequam
581 4617 696 4686 ejus
715 4618 829 4688 spei
855 4617 1183 4686 voluptatem
1215 4616 1374 4669 ullam
1415 4615 1658 4680 sentiret,
1691 4614 1864 4668 Sodo-

273 4722 481 4762 morum
511 4707 690 4762 clades
725 4707 993 4777 ingentem
1021 4706 1094 4760 illi
1110 4705 1356 4760 maeroris
1388 4705 1635 4759 nebulam
1653 4703 1861 4759 offudit.

271 4799 404 4857 Nam
431 4801 573 4872 quod
602 4817 687 4855 res
720 4801 830 4870 ipsa
856 4800 1056 4870 justum
1082 4799 1251 4853 virum
1293 4798 1577 4853 immodice
1613 4799 1864 4852 turbave-

272 4893 362 4959 rit,
393 4907 460 4947 ex
492 4891 670 4946 verbis
700 4891 802 4946 illis
832 4906 893 4945 ac
922 4903 1079 4959 prece
1106 4905 1266 4959 quam
1296 4905 1393 4959 pro
1422 4890 1499 4944 eis
1523 4889 1865 4954 fudit,omni-

278 4985 378 5038 bus
406 4982 646 5053 profecto
677 4992 906 5036 constat.
935 4981 1066 5036 Cum
1112 4997 1240 5036 vero
1283 4984 1489 5052 lapsum
1519 4998 1549 5037 e
1594 4982 1732 5038 caan
1761 4982 1863 5035 im-

275 5077 421 5131 brem
447 5077 593 5133 illum
617 5079 838 5131 omnino
869 5077 1160 5131 terribilem
1191 5087 1456 5144 cerneret,
1487 5089 1782 5148 cunctaque
1812 5079 1862 5132 in

273 5168 546 5239 pulverem
575 5177 629 5222 et
648 5169 883 5223 cinerem
929 5182 1210 5233 conversa,
1243 5165 1415 5238 neque
1448 5169 1500 5222 in
1546 5169 1726 5238 seipse
1751 5169 1862 5239 jam

272 5273 408 5317 erat.
440 5260 570 5316 Nam
593 5261 636 5316 si
653 5277 774 5316 cum
803 5262 987 5332 procul
1040 5261 1229 5317 domos
1271 5263 1476 5331 aliquas
1534 5262 1865 5334 conﬂagrare

274 5352 523 5410 incendio
556 5353 820 5418 videmus,
845 5362 1124 5423 stupemus
1163 5367 1226 5408 ac
1253 5353 1442 5408 dolore
1493 5353 1814 5409 conﬁcimur
1847 5370 1862 5408 :

273 5447 399 5516 quid
443 5447 588 5501 illum
614 5462 828 5516 passum
855 5446 1199 5508 arbitremur,
1225 5447 1384 5501 urbes
1433 5446 1666 5516 integras
1692 5455 1746 5502 et
1774 5462 1865 5502 re-

275 5539 458 5608 giones
483 5553 604 5593 cum
637 5537 1024 5592 habitatoribus
1054 5537 1302 5592 incendio
1323 5552 1426 5591 non
1459 5547 1738 5603 consueto,
1771 5537 1866 5593 sed

278 5647 416 5686 novo
441 5647 504 5686 ac
531 5631 753 5686 terribili
806 5630 998 5686 ardere
1044 5630 1502 5700 conspicientem?
1534 5631 1616 5686 An
1644 5631 1736 5686 tibi
1759 5646 1866 5688 non

276 5723 486 5778 videtur
506 5723 635 5792 justi
677 5724 832 5792 hujus
857 5723 1077 5778 affectus
1111 5739 1389 5794 aequoreos
1430 5722 1866 5795 decumanosqne

278 5814 465 5873 ﬂuctus
503 5814 749 5870 imitari?
794 5813 940 5872 Sicut
971 5815 1116 5872 enim
1155 5817 1209 5871 in
1256 5815 1390 5871 mari
1443 5825 1727 5887 antequam
1762 5815 1864 5872 flu-

1163 365 1256 423 AD
1291 363 1668 424 STAGIRIUM
1708 361 1750 419 Α
1791 361 2094 422 ΒΗΟΝΕ
2134 365 2490 425 VEXATUM.
2530 368 2656 426 LIB.
2692 368 2758 426 II.

3475 375 3584 434 462

1997 491 2113 536 ctus
2144 482 2234 538 alii
2258 485 2576 556 quieverint,
2597 485 2685 540 alii
2712 501 2894 543 rursus
2920 488 3119 543 montis
3147 488 3313 545 instar
3349 487 3584 548 intume-

1991 584 2170 640 scunt,
2199 575 2270 630 ita
2298 585 2353 631 et
2399 592 2494 646 per
2535 585 2698 632 totam
2734 579 2835 634 viri
2863 579 3024 636 vitam
3053 582 3342 655 contigisse
3373 585 3584 656 perspi-

1992 666 2122 721 cies.
2165 665 2296 722 Nam
2323 682 2444 721 cum
2481 667 2655 723 adhuc
2683 669 3036 726 Sodomorum
3088 687 3277 729 recens
3319 683 3464 731 esset
3493 677 3583 732 illa

1989 758 2272 823 desolatio,
2291 774 2384 814 rex
2407 758 2623 815 Geram
2648 759 2858 826 eadem,
2881 777 3000 832 quze
3049 762 3279 830 Pharao,
3309 765 3361 819 in
3393 765 3581 822 Saram

1989 850 2327 904 committere
2357 859 2581 906 conatus
2619 860 2723 918 est,
2757 867 3049 923 rursusque
3085 855 3278 910 mulier
3314 856 3381 911 ad
3413 856 3580 914 mise-

1987 940 2210 995 randam
2257 941 2654 997 simulationem
2706 943 3083 1013 compellitur;
3116 953 3278 1016 atque
3333 948 3384 1004 in
3436 963 3576 1020 opus

1991 1031 2328 1102 prorupisset
2373 1046 2435 1086 ea
2474 1033 2816 1098 contumelia,
2867 1033 2966 1088 nisi
3018 1035 3376 1103 prohibuisset
3416 1039 3576 1094 Deus.

1985 1123 2116 1178 Cum
2139 1132 2314 1177 autem
2340 1122 2394 1176 in
2420 1132 2575 1193 partu
2600 1123 2743 1178 illius
2784 1132 2838 1179 et
2880 1140 3014 1178 uxor
3034 1125 3191 1180 simul
3233 1135 3289 1181 et
3338 1127 3494 1192 ﬁlius,
3513 1143 3579 1184 ac

1985 1225 2093 1270 tota
2113 1215 2308 1269 familia
2332 1216 2626 1284 laetaretur,
2658 1217 2803 1272 solus
2823 1218 2979 1274 illein
3010 1228 3158 1275 tanto
3178 1223 3414 1276 omnium
3445 1233 3580 1294 gau-‘

1984 1307 2073 1361 dio
2105 1307 2270 1362 tristis
2293 1321 2412 1361 esse
2447 1322 2510 1362 ac
2561 1322 2790 1364 moerere
2830 1311 3142 1379 cogebatur,
3171 1313 3418 1367 ancillam
3449 1330 3572 1369 cum

1985 1399 2095 1452 filio
2124 1398 2320 1466 ejicere
2339 1397 2669 1467 compulsus.
2698 1398 2813 1453 Etsi
2841 1401 2987 1455 enim
3029 1401 3226 1458 nothus
3272 1413 3387 1458 erat
3413 1416 3575 1476 atque

1983 1508 2046 1546 ex
2075 1491 2270 1545 ancilla
2299 1499 2454 1544 natus
2484 1490 2693 1558 Ismael,
2715 1495 2972 1550 naturalis
3016 1505 3194 1550 tamen
3252 1497 3334 1551 vis
3375 1499 3575 1554 amoris

1978 1601 2042 1638 ex
2070 1584 2380 1654 indignitate
2409 1581 2576 1637 nihilo
2596 1584 2772 1638 minor
2797 1594 2932 1651 erat,
2963 1602 3137 1656 neque
3162 1588 3571 1645 imbecilliorem

1982 1690 2324 1745 paternorum
2357 1685 2620 1739 viscerum
2642 1685 2882 1741 dolorem
2907 1686 3103 1742 fecerat
3125 1686 3427 1756 ignobilitas
3454 1702 3572 1742 ma-

1982 1770 2078 1824 tris
2115 1789 2127 1823 :
2158 1773 2400 1844 istudque
2427 1791 2492 1830 ex
2528 1776 2640 1846 ipsa
2669 1776 2907 1832 historiae
2935 1779 3074 1833 serie
3100 1794 3384 1848 possumus
3414 1779 3570 1833 addi-

1979 1875 2149 1916 scere.
2185 1864 2279 1919 Ille
2315 1866 2455 1920 enim
2482 1867 2652 1932 fortis,
2679 1870 2768 1924 ille
2797 1871 3168 1925 severissimus
3194 1879 3247 1926 et
3270 1873 3358 1942 qui
3387 1873 3570 1943 unige-

1984 1955 2152 2007 nitum
2185 1958 2416 2026 propriis
2445 1959 2690 2013 manibus
2713 1969 2899 2029 postea
2922 1961 3262 2015 mactandnm
3313 1963 3566 2033 snscepit,

1981 2059 2147 2099 uxore
2191 2047 2290 2101 sibi
2333 2047 2435 2103 hoc
2469 2050 2812 2121 praecipiente
2865 2067 3006 2121 aegre
3061 2051 3368 2120 ferebat,ac
3409 2070 3568 2108 num-

1978 2151 2136 2206 quam
2189 2138 2261 2191 illi
2311 2140 2582 2205 cessisset,
2636 2157 2921 2212 numquam
2964 2147 3411 2214 obtemperasset,
3466 2146 3568 2203 etsi

1980 2238 2102 2283 tunc
2130 2229 2300 2299 major
2316 2233 2610 2288 accessisse
2646 2234 2919 2290 videretur
2943 2238 3260 2304 auctoritas,
3286 2238 3386 2292 nisi
3414 2239 3564 2294 illum

1979 2323 2140 2376 timor
2168 2324 2258 2377 Dei
2288 2324 2636 2380 vehementer
2689 2327 3009 2397 impulisset.
3045 2330 3228 2400 Itaque
3261 2346 3382 2386 cum
3413 2332 3568 2388 audis

1977 2415 2125 2468 illum
2159 2415 2267 2468 Deo
2283 2415 2506 2486 jubeute
2533 2418 2781 2472 ancillam
2807 2420 3054 2475 emisisse
3101 2435 3222 2475 cum
3275 2422 3408 2488 ﬁlio,
3436 2439 3567 2487 cave

1975 2515 2130 2575 putes
2156 2507 2355 2562 doloris
2381 2523 2541 2563 sensu
2570 2511 2829 2577 caruisse,
2875 2510 2977 2565 hoc
3005 2527 3148 2566 enim
3170 2521 3287 2567 erat
3317 2514 3567 2583 impossi-

1974 2598 2118 2663 bile;
2147 2614 2332 2653 verum
2381 2600 2520 2654 illius
2554 2602 2730 2670 potius
2783 2602 3105 2670 singularem
3146 2603 3412 2660 admirare
3433 2605 3568 2662 obe.

1973 2689 2249 2757 dientiam,
2277 2690 2416 2760 quod
2443 2705 2562 2745 cum
2591 2692 2751 2746 etiam
2789 2693 3143 2747 miserationis
3171 2693 3364 2748 affectu
3389 2705 3565 2751 retra-

1974 2780 2211 2846 heretur,
2251 2782 2358 2836 Deo
2386 2790 2561 2836 tamen
2594 2798 2698 2836 non
2729 2783 3074 2849 contradixit,
3107 2785 3198 2839 sed
3227 2787 3406 2841 emisit
3433 2802 3557 2842 cum

1973 2873 2083 2927 filio
2127 2887 2377 2939 matrem,
2430 2889 2687 2943 quorsum
2741 2875 3044 2944 profectura
3089 2885 3233 2932 esset
3284 2880 3554 2934 nesciens.

1972 2963 2256 3018 Tolerabat
2281 2974 2460 3018 autem
2505 2974 2666 3034 atque
2722 2966 3021 3020 sustinebat
3073 2982 3307 3022 maerens
3343 2986 3355 3022 :
3389 2985 3566 3040 neque

1969 3056 2114 3110 enim
2143 3055 2230 3108 ille
2254 3064 2441 3108 natura
2466 3057 2711 3124 superior
2730 3067 2995 3111 evaserat.

2042 3145 2096 3199 9.
2132 3143 2205 3197 De
2229 3146 2480 3211 sacriﬁcio
2505 3143 2672 3198 Isaac.
2697 3175 2768 3185 -
2794 3147 2905 3200 Hoc
2929 3157 3106 3201 autem
3138 3156 3194 3202 et
3245 3148 3295 3201 in
3327 3148 3565 3219 legitimo

1971 3251 2160 3306 passus
2189 3245 2271 3289 est
2301 3235 2410 3289 ﬁlio
2435 3253 2448 3288 :
2479 3237 2654 3289 nullus
2674 3237 2814 3290 enim
2843 3254 2963 3291 eum
2995 3253 3096 3291 non
3123 3239 3358 3296 doluisse
3385 3243 3556 3306 dicat,

1972 3342 2144 3396 neque
2197 3336 2419 3395 paterno
2474 3327 2668 3382 affectu
2721 3329 2886 3383 fuisse
2937 3341 3288 3397 commotum,
3321 3350 3387 3387 ne
3433 3333 3560 3389 dum

1971 3419 2110 3472 ultra
2157 3418 2372 3472 modum
2419 3419 2560 3474 illius
2589 3419 2876 3474 ostendere
2928 3421 3114 3475 nititur
3142 3423 3558 3492 philosolihiam,

1970 3510 2117 3563 illum
2148 3525 2354 3564 summa
2385 3511 2600 3565 laudum
2641 3513 2878 3566 omnium
2909 3515 3102 3581 privet.
3143 3515 3275 3568 Nam
3309 3517 3352 3570 si
3376 3517 3426 3570 in
3467 3518 3562 3573 fla-

1967 3603 2110 3673 gitiis
2138 3603 2459 3672 turpissimis
2480 3603 2866 3672 deprehensos,
2890 3618 2954 3658 ac
2979 3604 3290 3676 longissimo
3317 3615 3561 3678 tempore

1968 3698 2074 3750 vita
2090 3695 2308 3767 potitos,
2338 3695 2658 3766 ignotosque
2683 3703 2738 3750 et
2760 3709 2893 3765 quos
2918 3711 3209 3766 numquam
3236 3707 3393 3752 antea
3423 3699 3560 3754 vidi-

1968 3805 2108 3854 mus,
2132 3804 2253 3843 cum
2273 3797 2499 3858 repente
2542 3789 2906 3857 conspicimus
2956 3789 3010 3843 in
3067 3787 3183 3843 foro
3211 3789 3278 3843 ad
3331 3801 3561 3849 mortem

1967 3880 2110 3945 duci,
2140 3872 2508 3935 misericordia
2549 3893 2613 3933 ac
2637 3878 2825 3933 dolore
2851 3877 3186 3945 conﬂcimur,
3218 3894 3363 3949 saepe
3381 3891 3559 3937 autem

1967 3973 2127 4028 etiam
2152 3972 2575 4044 illacrymamur:
2607 3971 2651 4026 is
2669 3971 2758 4042 qui
2784 3970 3114 4041 unigenitum
3136 3980 3189 4026 et
3216 3973 3556 4031 carissimum

1969 4066 2153 4130 tilium,
2188 4063 2279 4136 qui
2307 4073 2502 4134 praeter
2529 4078 2702 4134 spem,
2726 4063 2816 4133 qui
2854 4069 2974 4133 post
3008 4069 3217 4117 tantum
3269 4065 3552 4133 temporis,

1967 4159 2056 4228 qui
2073 4157 2141 4212 ad
2169 4166 2463 4212 extremam
2495 4163 2825 4210 senectutem
2869 4161 3024 4208 natus
3068 4163 3214 4222 erat,
3246 4152 3362 4210 hmc
3406 4155 3548 4210 enim

1968 4251 2147 4304 omnia
2193 4250 2428 4305 excitant
2489 4250 2748 4316 majorem
2798 4246 3002 4302 doloris
3059 4245 3364 4312 flammam,
3411 4247 3556 4303 hunc

1967 4343 2144 4398 adhuc
2164 4342 2419 4412 juvenem
2443 4341 2554 4395 suis
2603 4338 2851 4394 manibus
2890 4346 3126 4392 mactare
3171 4347 3228 4392 et
3270 4337 3560 4394 incendere

1962 4436 2164 4505 jussus,
2191 4434 2322 4488 nihil
2359 4433 2648 4486 humanum
2668 4445 2856 4500 passus
2899 4429 3275 4484 existimetur:
3307 4428 3431 4498 quid
3459 4429 3560 4486 ista

1967 4526 2265 4582 dicentibus
2293 4523 2628 4579 ridiculosius
2651 4524 2674 4575 ?
2698 4521 2936 4590 Namque
2956 4520 3001 4574 si
3029 4520 3165 4588 lapis
3180 4529 3341 4585 esset,
3369 4521 3411 4573 si
3444 4518 3554 4575 fer-

1969 4633 2109 4682 rum,
2139 4616 2182 4669 si
2208 4614 2424 4668 adamas
2441 4613 2693 4681 denique,
2749 4621 3002 4680 possetne
3029 4626 3136 4662 non
3193 4610 3408 4673 molliri,
3444 4626 3550 4665 non

1969 4710 2136 4778 frangi
2161 4709 2224 4763 ad
2243 4709 2494 4763 decorum
2517 4707 2609 4760 lilii
2651 4713 2920 4773 aspectum
2949 4702 3138 4771 ?(erat
3181 4702 3322 4756 enim
3359 4703 3408 4755 in
3441 4703 3558 4772 ipso

1969 4802 2141 4855 artatis
2162 4799 2314 4871 Ilore)
2351 4798 2416 4852 ad
2453 4797 2735 4852 verborum
2766 4794 3100 4864 prudentiam
3127 4803 3178 4847 et
3202 4794 3512 4862 religionem
3537 4794 3560 4847 ?

1971 4895 2321 4965 Interrogavit
2346 4901 2570 4963 patrem,
2600 4890 2730 4944 Ecce
2751 4890 2889 4959 ligna
2915 4897 2959 4941 et
2980 4888 3147 4958 ignem
3175 4902 3193 4939 :
3215 4886 3298 4939 ubi
3325 4896 3397 4940 est
3414 4888 3517 4940 ovis
3534 4887 3561 4941 γ

1969 4989 2191 5054 audivit,
2222 4987 2359 5040 Deus
2382 4985 2662 5055 providebit
2685 4982 2777 5035 sibi
2805 4996 2946 5037 ovem
2985 4981 3037 5033 in
3084 4978 3454 5042 holocaustum,
3481 4980 3560 5046 ﬁli

1968 5083 2036 5134 mi
2063 5082 2081 5151 (
2108 5079 2236 5134 Gen.
2259 5078 2350 5131 22.
2376 5079 2406 5131 7
2434 5077 2452 5148 )
2483 5094 2496 5130 :
2523 5075 2756 5145 nihilque
2779 5071 3089 5143 perquisivit
3113 5069 3360 5138 amplius.
3387 5070 3547 5139 Aspi-

1968 5176 2143 5229 ciebat
2163 5183 2366 5244 patrem
2397 5186 2453 5226 se
2484 5170 2760 5240 ligantem,
2786 5183 2887 5222 nec
2907 5164 3304 5221 reluctabatur:
3331 5163 3554 5232 imposi-

1971 5278 2055 5323 tus
2103 5280 2234 5336 rogo
2277 5280 2382 5319 non
2429 5263 2705 5318 resiliehat
2741 5259 2973 5331 gladium
2991 5267 3178 5312 contra
3231 5270 3290 5310 se
3337 5255 3557 5320 vibrari,

1971 5373 2144 5428 neque
2170 5355 2491 5411 terrebatur.
2513 5353 2651 5420 Quid
2682 5351 2786 5406 hoc
2821 5351 3001 5404 animo
3026 5345 3561 5416 religiosius?Aude-

1970 5451 2117 5505 bitne
2143 5462 2271 5517 ergo
2295 5447 2573 5517 quisquam
2608 5443 2780 5498 adhuc
2805 5441 2985 5496 dicere
3016 5438 3148 5492 nihil
3177 5438 3227 5491 in
3258 5437 3561 5507 hujusmodi

1971 5543 2218 5598 omnibus
2236 5554 2545 5611 perpessum
2565 5553 2685 5592 esse
2701 5535 2968 5590 Abraham
2989 5533 3012 5585 ?
3031 5532 3083 5586 Si
3101 5533 3242 5585 enim
3265 5529 3560 5591 inimicum,

1972 5635 2015 5690 si
2044 5633 2254 5688 hostem
2279 5629 2659 5686 interfecturus
2697 5635 2861 5689 esset,
2898 5625 3061 5680 etiam
3093 5625 3136 5677 si
3164 5622 3344 5676 bellua
3378 5620 3560 5675 fuisset

1975 5738 2242 5790 immanis,
2276 5736 2402 5776 num
2434 5721 2535 5774 ista
2560 5720 2676 5773 sine
2705 5717 2890 5772 dolore
2910 5721 3272 5784 perpetrasset
3297 5713 3321 5764 ?
3347 5710 3459 5765 Non
3481 5720 3561 5765 est

1978 5815 2084 5886 ita,
2114 5829 2220 5871 non
2274 5823 2375 5869 est.
2426 5811 2543 5867 Noli
2593 5811 2788 5866 iustum
2826 5808 2994 5862 virum
3044 5813 3202 5859 tanta:
3237 5801 3570 5862 crudelitatis
