4264 6312
694 311 795 367 4ῡῦ
1440 310 1496 365 S.
1536 307 1810 365 JOANNlS
1850 295 2324 363 CllR‘iSOSTOMl
2365 294 2688 354 Al‘iClllEP.
2730 296 3266 363 CONSTANTINOP.
3886 301 4000 357 LM

694 438 947 493 arguere:
977 422 1187 476 dolebat
1211 420 1447 490 proiecto
1470 430 1627 489 atque
1649 416 2097 486 disrumpebatur.
2122 410 2282 472 Deus,

694 513 903 581 inquit,
950 511 1222 581 providebit
1257 511 1349 563 sibi
1398 511 1649 563 victimam
1688 510 1739 562 in
1780 509 2148 571 holocaustum,
2186 507 2281 575 fili.

694 604 901 672 Quanta
930 605 1269 659 miseratione
1288 604 1449 658 verba
1477 605 1575 658 ista
1599 604 1753 672 plena
1786 602 1948 657 fuisse
1972 601 2285 656 arbitraris?

698 695 1016 750 Continebat
1047 711 1102 749 se
1133 706 1330 762 tamen,
1361 710 1424 749 ac
1455 694 1721 764 premebat
1741 693 1941 747 doloris
1966 693 2094 757 vim,
2128 701 2284 761 atque

698 790 799 844 ista
817 790 993 843 omnia
1012 802 1068 841 ea
1094 788 1365 842 alacritate
1384 786 1753 856 patrabat,qua
1777 784 2010 840 facerent
2028 784 2116 854 qui
2138 784 2282 838 nullo

698 882 994 935 istiusmodi
1046 881 1429 949 impedimento
1482 880 1901 934 continerentur.
1948 877 2279 932 lmmolatum

693 971 891 1025 interea
927 971 1089 1023 lilium
1134 970 1352 1041 (quippe
1391 970 1676 1025 devotione
1704 970 1848 1022 illum
1891 970 2278 1039 immolaverat)

691 1075 877 1115 sanum
906 1077 1089 1116 rursus
1116 1071 1274 1131 atque
1301 1062 1623 1118 incolumem
1651 1063 1880 1117 restituit
1910 1062 2065 1116 matri
2090 1080 2101 1113 :
2122 1079 2277 1130 quem

691 1151 778 1206 illa
808 1154 1123 1222 suscipiens,
1146 1162 1427 1220 antequam
1458 1152 1655 1207 aﬁatim
1680 1152 1820 1207 dulci
1846 1162 1969 1207 nato
1994 1152 2276 1219 frueretur,

690 1247 922 1301 excessit
964 1263 994 1300 e
1029 1247 1135 1301 vita
1171 1264 1183 1300 :
1216 1246 1265 1301 id
1304 1246 1451 1317 justo
1496 1247 1568 1301 illi
1617 1248 1849 1300 maximo
1895 1246 2111 1300 ntmrori
2162 1244 2278 1297 fuit.

698 1334 813 1391 Etsi
854 1337 997 1391 enim
1045 1337 1206 1409 longo
1249 1338 1408 1393 simul
1437 1339 1679 1393 vixerant
1711 1350 1945 1408 tempore
1971 1381 1985 1403 ,
2032 1337 2163 1394 nihil
2205 1348 2283 1393 ta-

692 1442 815 1482 men
845 1429 1163 1497 persuadere
1184 1439 1409 1499 poterat,
1433 1438 1493 1485 ut
1522 1446 1644 1486 eum
1672 1446 1851 1486 casum
1884 1433 2053 1488 levius
2080 1434 2276 1487 ferret:

692 1523 801 1578 imo
832 1539 960 1579 vero
1004 1524 1105 1579 hoc
1147 1526 1318 1593 ipsum
1346 1526 1606 1595 ampliore
1638 1526 1786 1580 illum
1817 1527 2005 1582 dolore
2029 1527 2279 1581 conficie-

690 1613 798 1668 bat.
830 1613 1067 1684 Namque
1093 1616 1468 1671 consuevimus
1492 1632 1608 1683 eos,
1639 1619 1726 1687 qui
1756 1617 1982 1686 plurimo
2002 1618 2276 1673 nobiscum

690 1713 931 1774 tempore
959 1706 1240 1771 vixerunt,
1281 1722 1595 1776 summaque
1634 1710 1844 1762 virtutis
1871 1724 1979 1764 sua:
2010 1721 2058 1764 el
2095 1711 2278 1765 amici-

690 1795 777 1848 tiae
806 1795 959 1849 nobis
996 1796 1308 1850 documenta
1341 1798 1600 1854 dederunt
1622 1842 1636 1865 ,
1686 1802 1913 1855 maxime
1950 1803 2183 1856 onmium
2217 1818 2278 1857 ac

691 1900 903 1939 summo
933 1885 1200 1940 desiderio
1230 1894 1525 1955 requirere.
1576 1891 1832 1962 Quodque
1864 1894 1961 1947 ista
1990 1896 2067 1949 sic
2090 1911 2146 1948 se
2181 1895 2278 1948 lia-

690 1974 882 2042 beant,
937 1976 1048 2045 ipse
1095 1979 1394 2047 patriarcha
1437 1981 1590 2037 nobis
1635 1983 1865 2049 indicat,
1916 1985 2008 2054 qui
2048 1985 2173 2039 ﬂetu
2216 2002 2279 2041 ac

690 2067 1067 2142 lamentatione
1109 2070 1251 2123 illam
1297 2083 1651 2141 prosequutus
1690 2082 1791 2129 est.
1846 2075 1973 2140 Quis
2014 2076 2125 2146 jam
2157 2078 2279 2131 reli-

686 2173 819 2225 quas
844 2172 1000 2212 curas
1030 2174 1313 2213 recensere
1342 2164 1510 2228 possit
1534 2204 1548 2226 ,
1587 2179 1716 2231 quas
1743 2180 1838 2232 pro
1867 2166 1976 2218 tilio
1996 2205 2010 2229 ,
2040 2182 2137 2237 pro
2162 2167 2278 2235 ejus

688 2263 852 2303 uxore
872 2290 885 2313 ,
938 2264 1034 2317 pro
1066 2248 1315 2304 fratribus
1341 2252 1481 2305 illius
1508 2256 1781 2323 suscepit,
1822 2256 2029 2326 aliaque
2052 2259 2229 2312 omnia
2261 2274 2274 2313 :

685 2355 803 2405 qute
832 2340 920 2408 qui
947 2340 1012 2393 ad
1041 2342 1294 2395 amussim
1341 2343 1682 2399 considerare
1724 2347 1887 2413 velit,
1935 2349 2089 2417 longe
2130 2349 2278 2402 labo—

690 2428 967 2484 riosiorem
1004 2431 1131 2501 justi
1176 2429 1333 2503 hujus
1377 2437 1535 2490 vitam
1557 2478 1571 2499 ,
1600 2440 1847 2507 curisque
1875 2442 2276 2495 cumnlatiorem

690 2523 1002 2591 perspiciet,
1038 2541 1194 2592 qutun
1223 2526 1335 2595 ejus
1376 2543 1532 2596 quem
1566 2530 1723 2597 paulo
1759 2540 1879 2585 ante
1908 2532 2275 2587 indicavimus.

691 2612 959 2681 Praecipua
1008 2616 1147 2667 enim
1192 2626 1395 2670 tantum
1447 2618 1719 2687 Scriptura
1769 2637 2027 2687 narrans,
2086 2634 2277 2679 caetera

690 2703 841 2757 nobis
866 2706 1043 2760 omnia
1060 2710 1413 2763 examinanda
1439 2712 1674 2781 reliquit,
1704 2730 1821 2783 qua:
1842 2714 2029 2768 diebus
2052 2718 2275 2787 singulis

689 2794 975 2851 verisimile
1024 2807 1106 2852 est
1154 2799 1297 2853 domi
1342 2802 1684 2871 contingere,
1744 2804 1829 2856 ubi
1877 2819 2152 2860 servorum
2197 2817 2279 2862 est

690 2888 997 2953 multitudo,
1041 2890 1153 2953 vir,
1206 2906 1369 2955 uxor,
1414 2907 1479 2944 ac
1509 2894 1637 2959 lilii,
1680 2894 2069 2964 multarumque
2098 2914 2276 2952 rerum

686 2993 809 3032 enra
836 2993 899 3033 ac
928 2980 1249 3034 sollicitudo.
1274 2980 1347 3035 lta
1377 2998 1525 3048 sane,
1552 2983 1779 3051 inquies,
1810 2985 1902 3039 sed
1934 2987 2005 3040 illi
2028 2989 2274 3043 solatium

687 3069 889 3124 ferebat
917 3071 966 3123 in
997 3072 1215 3141 singulis
1242 3073 1545 3142 hujusmodi
1580 3075 1850 3144 adversis,
1880 3078 2021 3147 quod
2062 3089 2279 3149 propter

690 3160 851 3212 Deum
901 3161 984 3214 illa
1017 3163 1193 3215 omnia
1224 3173 1513 3232 pateretur.
1567 3166 1633 3219 Et
1669 3177 1721 3220 te
1762 3168 1931 3237 ipsum
1965 3168 2122 3237 igitur
2148 3172 2275 3225 illud

685 3252 1068 3308 consolabitur.
1121 3255 1308 3309 Nullus
1353 3258 1497 3311 enim
1540 3258 1776 3327 profecto
1798 3301 1812 3325 ,
1847 3263 1944 3314 nisi
1980 3263 2150 3327 Dens,
2183 3266 2274 3319 tibi

689 3346 827 3401 hanc
856 3346 1039 3401 inferri
1064 3348 1410 3402 tentationem
1442 3351 1701 3418 permisit.
1724 3351 1853 3405 Nam
1886 3354 1929 3407 si
1959 3370 2057 3410 nec
2084 3372 2273 3423 porcos

686 3436 903 3507 quidem
928 3424 933 3431 ’
958 3439 1211 3495 invadere
1251 3442 1559 3509 nequissimi
1604 3442 1876 3499 dtemones
1916 3447 2029 3499 ausi
2081 3446 2275 3501 fuerint

692 3526 898 3596 (Matth.
924 3527 974 3583 8.
1001 3529 1087 3585 50.
1114 3530 1299 3602 καφ),
1326 3533 1424 3585 nisi
1450 3534 1597 3601 prius
1619 3534 1709 3588 ille
1726 3537 2073 3604 permitteret,
2106 3540 2274 3594 multo

686 3618 863 3672 minus
892 3621 1178 3688 pretiosam
1208 3623 1461 3677 animam.
1496 3623 1647 3679 Sicut
1690 3626 1847 3695 igitur
1886 3630 1999 3685 viro
2035 3631 2108 3684 illi
2133 3632 2272 3702 quod

687 3707 894 3764 fortiter
940 3712 1115 3765 omnia
1160 3722 1215 3767 et
1261 3729 1381 3767 cum
1424 3718 1715 3785 gratiarum
1757 3722 1963 3776 actione
1995 3722 2191 3786 ferret,
2224 3726 2274 3777 id

689 3801 907 3854 multam
938 3802 1162 3855 contulit
1188 3805 1509 3872 mercedem,
1538 3807 1610 3860 ita
1634 3810 1800 3877 pariet
1824 3820 1877 3865 et
1904 3813 2016 3873 tibi.
2046 3814 2090 3866 si
2120 3815 2277 3867 modo

691 3907 797 3945 non
826 3893 1055 3963 graviter
1081 3903 1239 3964 atque
1267 3895 1603 3965 indignanter
1630 3900 1766 3954 feras
1785 3942 1800 3966 ,
1829 3903 1921 3956 sed
1950 3905 2011 3957 in-
2030 3906 2276 3959 omnibus

687 3984 887 4052 gratias
926 4000 1051 4054 agas
1080 3985 1499 4041 clementissimo
1528 3989 1657 4043 Deo.
1710 3990 1837 4045 Nam
1869 4002 1922 4046 et
1965 3994 2149 4048 beatus
2176 3995 2275 4051 Job

686 4089 748 4129 ea
771 4090 888 4144 qua:
913 4090 1099 4144 passus
1124 4087 1224 4138 est,
1252 4078 1358 4131 Deo
1383 4081 1721 4147 permittente
1746 4098 2025 4151 perpessus
2048 4095 2128 4139 est
2158 4104 2169 4138 :
2194 4102 2277 4141 co-

688 4169 834 4221 ronis
864 4177 1037 4223 tamen
1067 4184 1172 4223 non
1201 4169 1319 4224 ideo
1342 4179 1543 4225 tantum
1566 4174 1794 4228 donatus
1814 4187 1915 4238 est,
1942 4179 2061 4246 quia
2093 4194 2275 4247 passus

688 4270 790 4325 est,
807 4276 989 4315 verum
1007 4262 1165 4315 etiam
1183 4263 1302 4331 quia
1320 4274 1503 4319 contra
1518 4266 1738 4320 adversa
1755 4271 1934 4324 omnia
1950 4268 2099 4325 fortis
2115 4281 2273 4342 atque

692 4354 1007 4409 inviolabilis
1029 4357 1292 4425 perstitit;
1320 4358 1749 4430 admiramurqne
1767 4363 1914 4416 illum
1937 4380 2144 4429 omnes,
2170 4382 2273 4419 non

688 4443 829 4513 quod
855 4446 1087 4513 privatus
1109 4448 1356 4502 onmibus
1386 4466 1413 4503 a
1442 4450 1652 4504 diabolo
1675 4451 1850 4518 fuerit,
1879 4454 1971 4508 sed
1994 4456 2113 4524 quia
2139 4458 2277 4511 inter

691 4533 805 4589 haec
830 4536 1005 4588 omnia
1034 4552 1137 4591 non
1169 4540 1487 4605 peccaverit,
1521 4555 1587 4594 ne
1615 4541 1665 4595 in
1694 4541 1845 4596 labiis
1871 4544 2082 4613 quidem
2108 4547 2237 4599 suis.

762 4626 848 4682 10.
880 4626 1031 4681 Redit
1055 4629 1123 4682 ad
1152 4632 1437 4699 exemplum
1469 4632 1640 4687 Isaac.
1664 4663 1738 4674 —
1760 4636 2019 4702 Quoniam
2052 4654 2177 4693 vero
2208 4639 2274 4694 de

690 4719 791 4773 Job
827 4723 1149 4776 mentionem
1183 4722 1313 4791 feci,
1358 4724 1550 4779 vellem
1578 4726 1791 4794 quidem
1820 4729 1973 4799 longa
2005 4731 2170 4800 ipsius
2198 4733 2275 4786 la-

692 4822 892 4880 menta,
921 4817 1335 4886 passionumque
1356 4818 1744 4874 vehementiam
1775 4826 2017 4893 persequi
2050 4843 2061 4878 :
2090 4842 2274 4882 verum

692 4922 758 4960 ne
784 4907 1035 4975 prolixior
1062 4909 1184 4971 sim,
1217 4909 1281 4961 ad
1309 4908 1456 4965 Isaac
1484 4911 1666 4967 redeo.
1700 4914 1864 4969 Porro
1891 4919 1933 4969 si
1959 4918 2107 4985 cupis
2136 4920 2275 4974 illius

688 4999 867 5051 omnia
896 4998 1201 5068 diligentius
1228 5000 1506 5057 addiscere
1530 5044 1543 5067 ,
1584 5004 1774 5058 librum
1820 5007 1991 5077 ipsum
2024 5010 2073 5062 in
2102 5011 2273 5063 mani-

691 5090 788 5142 bus
819 5104 1059 5150 sumens,
1090 5090 1270 5159 aspice
1302 5092 1353 5145 in
1381 5094 1630 5163 abyssum
1661 5096 1973 5152 altissimam
2000 5100 2274 5155 calamita-

690 5191 802 5233 tmn
833 5180 961 5247 viri,
1008 5181 1397 5253 plurimamque
1438 5184 1507 5239 ibi
1551 5187 1971 5242 consolationem
2009 5191 2271 5246 invenies.

686 5274 896 5340 Quanto
922 5274 1066 5328 enim
1096 5275 1284 5329 melior
1308 5274 1483 5345 justus
1523 5277 1612 5332 ille
1648 5289 1730 5334 est
1773 5295 1929 5349 quam
1970 5297 2097 5347 nos,
2128 5294 2276 5338 tantc

688 5368 941 5433 majorem
974 5368 1077 5421 vim
1109 5370 1516 5440 expugnandam
1548 5371 1748 5433 habuit,
1785 5388 1956 5442 eoque
1981 5374 2273 5430 vehemen-

689 5460 792 5512 tius
818 5472 997 5515 contra
1026 5462 1173 5516 illum
1200 5473 1323 5517 tunc
1352 5465 1709 5535 nequissimus
1736 5466 1823 5521 ille
1847 5471 2143 5523 concitatus
2168 5481 2270 5525 est.

683 5552 949 5606 (heteratn
1002 5565 1149 5610 recte
1193 5553 1327 5609 facta
1362 5571 1466 5610 non
1496 5568 1600 5610 tam
1642 5560 1993 5615 tentationnm
2025 5579 2269 5629 numero,

680 5658 839 5712 quam
872 5658 1048 5697 rerum
1085 5646 1280 5702 virtute
1308 5648 1659 5703 aestimantur.
1716 5649 1894 5719 Itaque
1921 5654 2018 5706 etsi
2052 5653 2273 5710 inferius

682 5732 821 5789 istud
849 5745 1121 5791 certamen
1150 5746 1267 5804 est,
1299 5738 1428 5793 nihil
1457 5739 1506 5793 id
1537 5748 1650 5796 tuas
1686 5755 1910 5798 coronas
1949 5747 2141 5813 poterit
2174 5748 2268 5800 titi-

2394 422 2560 483 nuere
2589 427 2601 462 :
2635 424 2759 464 nam
2784 419 2837 465 et
2859 411 2904 466 is
2930 412 3018 483 qui
3050 413 3155 468 duo
3186 413 3385 468 talenta
3412 411 3621 479 obtulit,
3653 410 3782 468 nihil
3811 414 3999 469 minus
4021 385 4037 402 ⁸

2394 499 2595 566 retulit,
2628 517 2785 569 quam
2819 503 2863 556 is
2888 504 2975 573 qui
3002 505 3266 559 obtulerat
3292 506 3541 576 quinque.
3570 505 3678 560 Cur
3709 505 3800 559 id?
3830 505 3992 572 Quia,

2394 593 2492 647 etsi
2520 609 2623 647 non
2657 594 2795 649 idem
2826 606 3134 665 proventus,
3164 598 3351 653 eadem
3381 609 3557 655 tamen
3586 600 3836 655 alacritas
3865 601 3989 659 fuit.

2391 687 2652 752 Quocirca
2697 699 2749 743 et
2791 690 2981 745 eodem
3028 692 3232 746 honore
3274 704 3498 762 uterque
3521 694 3713 763 potitus
3740 706 3857 759 est,
3890 711 3997 749 au-

2390 776 2543 833 diens
2580 797 2590 831 :
2623 779 2769 833 Intra
2796 782 2847 833 in
2883 782 3123 851 gaudium
3164 781 3373 837 Domini
3404 786 3477 838 tui
3505 786 3715 853 (Matth.
3749 786 3838 842 25.
3868 786 3990 856 21).

2389 869 2526 936 Quid
2551 886 2678 940 ergo
2708 870 2893 926 Isaae?
2934 872 3421 944 Peregrinationem
3450 877 3661 946 quidem
3695 878 3839 934 illam
3870 880 3997 935 lon—

2387 962 2660 1030 gissimam
2714 964 2894 1019 subire
2939 967 3186 1035 exemplo
3246 970 3413 1037 patris
3474 979 3777 1041 terramque
3829 990 3990 1028 suam

2385 1052 2761 1122 derelinquere
2802 1066 3016 1112 coactus
3063 1075 3167 1111 non
3199 1069 3314 1123 est;
3347 1060 3441 1115 sed
3484 1064 3639 1131 plane
3668 1081 3991 1134 supremum

2386 1143 2650 1197 malorum
2682 1146 2920 1199 omnium
2947 1150 3059 1216 ipse
3087 1152 3335 1205 sustinuit
3363 1194 3376 1217 ,
3410 1164 3610 1208 metum
3651 1156 3878 1223 scilicet,
3918 1174 3992 1213 ne

2386 1237 2502 1290 sine
2551 1236 2733 1292 liberis
2781 1238 3088 1294 decederet.
3142 1242 3330 1297 Postea
3379 1261 3506 1299 vero
3540 1262 3695 1316 quam
3735 1264 3831 1317 per
3861 1265 3992 1303 ora-

2387 1332 2586 1383 tionem
2613 1346 2678 1384 eo
2722 1342 2865 1386 metu
2912 1333 3166 1389 liberatus
3205 1346 3287 1390 est
3313 1378 3328 1403 ,
3378 1338 3515 1392 alius
3555 1341 3809 1396 continuo
3855 1357 3989 1397 enm

2386 1424 2596 1491 excepit
2627 1423 2787 1477 timor
2817 1424 2972 1494 longe
3016 1426 3207 1495 major.
3263 1428 3445 1499 Neque
3471 1432 3613 1483 enim
3661 1447 3755 1501 par
3803 1445 3989 1487 metus

2386 1524 2466 1567 est
2500 1529 2595 1583 pro
2621 1516 2863 1584 conjugis
2890 1518 3173 1573 sterilitate
3193 1561 3207 1585 ,
3249 1530 3301 1573 et
3332 1535 3429 1590 pro
3463 1523 3639 1577 radice
3670 1524 3779 1593 ipsa
3814 1525 3990 1594 trepi-

2384 1604 2534 1659 dare.
2569 1606 2655 1661 Sic
2692 1609 2832 1661 enim
2872 1617 3055 1678 partus
3098 1610 3371 1665 doloribus
3411 1612 3876 1682 disrumpebatur,
3926 1627 3989 1668 ut

2385 1699 2491 1751 vita
2520 1710 2689 1752 morte
2713 1701 2856 1752 ontni
2887 1701 2959 1753 illi
2987 1711 3124 1755 esset
3149 1703 3413 1756 acerbior.
3464 1704 3526 1757 Et
3557 1705 3857 1774 hoc..ipsam
3884 1721 3990 1759 an-

2385 1790 2499 1844 dias
2530 1791 2653 1845 licet
2679 1792 2943 1845 dicentem
2982 1811 2995 1847 :
3024 1794 3085 1847 Si
3113 1795 3235 1847 nti/ti
3263 1797 3332 1848 ita
3351 1799 3578 1865 futurum
3605 1808 3729 1862 erat,
3761 1798 3830 1851 at!
3856 1798 3991 1865 quid

2386 1876 2511 1927 mihi
2552 1877 2713 1930 vivere
2745 1875 2893 1945 (Cen.
2925 1877 3015 1932 25.
3047 1878 3185 1947 θεν
3235 1878 3413 1934 Famis
3448 1892 3625 1936 autem
3656 1891 3705 1936 et
3747 1883 3845 1936 iste
3884 1898 3989 1936 ex-

2386 1969 2739 2037 perimentum
2786 1972 2953 2038 cepit,
2999 1975 3098 2026 etsi
3146 1987 3251 2027 non
3296 1984 3352 2028 ut
3397 1985 3546 2042 pater
3591 1975 3642 2029 in
3685 1974 3987 2046 Egvptuni

2385 2058 2661 2113 descendit
2695 2077 2706 2112 :
2738 2060 2830 2114 sed
2863 2061 3002 2128 quod
3034 2062 3121 2117 ille
3145 2079 3272 2117 vere
3302 2065 3351 2117 in
3381 2063 3615 2136 [Egypto
3644 2066 3888 2133 pertulit,
3928 2079 3991 2121 et

2386 2148 2486 2203 iste
2516 2150 2619 2218 pati
2643 2151 3039 2218 periclitabatur
3063 2194 3075 2217 ,
3119 2170 3346 2210 uxorem
3388 2159 3593 2212 scilicet
3615 2160 3877 2213 amittere.
3912 2160 3991 2214 Et

2385 2248 2591 2307 patrem
2643 2241 2856 2310 quidem
2886 2246 3280 2299 venerabantur
3321 2246 3525 2300 [initiati
3558 2264 3746 2304 omnes
3770 2292 3784 2316 ,
3835 2251 3990 2306 hunc

2385 2346 2515 2383 vero
2546 2346 2650 2385 non
2695 2347 2851 2386 secus
2896 2344 3054 2403 atque
3105 2338 3375 2392 inimicum
3405 2350 3457 2393 et
3502 2340 3711 2395 hostem
3744 2345 3991 2412 exagita-

2384 2421 2531 2485 bant,
2563 2437 2734 2490 neque
2764 2425 2989 2492 propriis
3012 2426 3157 2479 illttm
3185 2428 3449 2482 laboribus
3468 2433 3667 2498 perl’rui
3693 2433 3937 2488 sinebant
3968 2452 3985 2500 ;

2385 2529 2570 2567 verum
2619 2530 2739 2571 cum
2786 2515 2935 2569 illum
2981 2518 3238 2586 angustiis
3287 2521 3517 2590 undique
3567 2524 3984 2590 concluderent,

2388 2603 2611 2658 licenter
2630 2605 2727 2673 ipsi
2756 2606 3024 2660 laboribus
3046 2610 3210 2677 ipsius
3238 2609 3569 2666 fruebantur.
3594 2614 3829 2669 Tandem
3850 2633 3988 2670 vero

2385 2711 2505 2749 eum
2538 2692 2638 2749 sibi
2689 2697 2810 2750 illos
2839 2699 3041 2753 amicos
3069 2709 3254 2754 nactus
3279 2712 3422 2756 esset
3446 2744 3461 2768 ,
3493 2704 3738 2772 ﬁliosque
3767 2706 3989 2760 adultos

2384 2794 2668 2851 cerneret,
2720 2797 2845 2842 tunc
2873 2801 3042 2855 certe,
3072 2801 3196 2845 tunc
3226 2792 3436 2862 quando
3468 2810 3730 2849 summam
3762 2812 3819 2851 se
3844 2813 3986 2851 con-

2384 2881 2697 2935 solutionem
2723 2884 3059 2938 inventurum
3084 2887 3352 2954 sperabat,
3378 2889 3715 2959 optimosque
3740 2903 3991 2945 senectu-

2385 2972 2453 3025 tis
2492 2989 2601 3025 sua:
2631 2985 2908 3029 curatores
2949 2974 3252 3031 habiturum
3282 3019 3295 3041 ,
3351 2980 3401 3031 in
3442 2993 3749 3047 supremum
3776 2983 3989 3036 corruit

2387 3078 2695 3118 mcerorem.
2754 3066 2991 3121 Primum
3021 3068 3163 3122 enim
3210 3069 3382 3139 major
3423 3081 3549 3125 natu
3584 3070 3721 3127 filius
3753 3090 3985 3129 uxorem

2388 3156 2486 3207 sibi
2536 3154 2889 3226 alienigenam
2936 3169 3122 3214 contra
3167 3162 3334 3229 patris
3365 3172 3545 3216 votum
3591 3165 3768 3232 cepit,
3820 3176 3875 3219 et
3913 3181 3989 3220 eo

2384 3247 2501 3315 ipso
2537 3248 2680 3317 quod
2731 3266 2958 3320 pugnam
2988 3261 3040 3306 et
3084 3252 3278 3306 bellum
3312 3253 3364 3307 in
3404 3254 3619 3310 domum
3653 3256 3989 3311 introduxis—

2384 3348 2485 3404 set,
2530 3340 2676 3394 illum
2702 3357 2909 3395 summa
2936 3352 2987 3396 et
3019 3343 3320 3398 incredibili
3351 3346 3398 3398 vi
3431 3345 3633 3400 doloris
3662 3346 3855 3401 aﬂ'ecit.
3895 3347 3988 3400 Inu-

2386 3433 2621 3485 nnmeris
2641 3432 2780 3485 enim
2810 3432 2961 3487 malis
2989 3434 3244 3489 mulieres
3271 3436 3375 3490 illae
3403 3452 3621 3491 soceros
3637 3438 3940 3492 afficiebant
3964 3456 3981 3492 :

2385 3540 2503 3594 qua:
2548 3515 2726 3577 omnia
2776 3524 3049 3593 Scriptura
3094 3527 3375 3590 devitans,
3425 3544 3533 3582 uno
3581 3530 3743 3583 verbo
3783 3523 3983 3584 cuncta

2384 3617 2647 3687 signavit,
2702 3632 2823 3671 cum
2872 3617 3072 3672 diceret
3109 3634 3123 3671 :
3163 3618 3289 3671 Cum
3342 3618 3567 3673 Rebecca
3611 3622 3983 3675 contendebant

2387 3716 2401 3779 (
2429 3712 2514 3764 Id.
2660 3713 2729 3764 55
2758 3714 2774 3779 )
2807 3728 2819 3764 :
2855 3712 3173 3781 reliquitque
3218 3713 3267 3764 id
3316 3712 3513 3766 dictum
3561 3715 3638 3766 eis
3680 3715 3984 3784 itttelligem

2384 3806 2543 3865 dum,
2594 3806 2680 3873 qui
2732 3804 2923 3858 domos
2955 3805 3152 3858 habent
3179 3820 3240 3858 ac
3270 3805 3410 3867 filius
3445 3808 3552 3875 jam
3585 3819 3855 3862 uxoratos.
3900 3809 3979 3863 Illi

2386 3898 2527 3949 enim
2580 3898 2807 3950 maxime
2846 3898 3083 3949 omnium
3129 3909 3393 3951 noverunt
3441 3910 3700 3967 quantum
3752 3902 3874 3953 mali
3907 3902 3981 3955 sit

2385 3997 2747 4057 quantumque
2792 3988 3136 4053 detrimenti,
3191 3990 3234 4043 si
3280 4004 3468 4044 socrus
3498 4002 3550 4045 et
3590 4007 3758 4045 nurus
3790 4002 3980 4047 mutuo

2348 4128 2353 4135 .
2387 4080 2626 4133 rixentur
2653 4120 2667 4143 ,
2713 4078 2871 4148 idque
2898 4087 3025 4133 tunc
3051 4081 3315 4144 maxime,
3365 4096 3487 4135 cum
3518 4081 3688 4135 ambre
3733 4083 3979 4137 eamdem

2387 4171 2683 4225 inhabitent
2713 4171 2951 4223 domum.
3003 4171 3116 4225 Hoc
3144 4181 3318 4225 autem
3343 4173 3466 4242 juge
3496 4173 3600 4227 illis
3626 4182 3741 4227 erat
3769 4174 3946 4227 incom

2385 4261 2622 4315 modum.
2659 4262 2739 4315 Ad
2771 4262 2884 4315 hrec
2914 4261 2988 4315 illi
3020 4263 3233 4331 gravior
3260 4278 3471 4333 quoque
3497 4264 3742 4317 molestia
3771 4264 3978 4332 adjecta

2384 4365 2484 4416 est,
2514 4356 2728 4407 caecitas
2755 4354 2978 4417 scilicet,
3008 4371 3127 4424 quae
3147 4355 3442 4424 cujusmodi
3467 4356 3553 4420 sit,
3575 4357 3649 4410 illi
3682 4356 3781 4410 soli
3803 4358 3981 4412 sciunt

2386 4448 2472 4515 qui
2508 4447 2794 4515 patiuntur.
2840 4449 3103 4502 Praeterea
3131 4448 3256 4504 dum
3289 4451 3630 4505 benedicerct
3663 4452 3815 4517 ﬁliis,
3845 4467 3979 4506 eon-

2388 4550 2463 4591 tra
2495 4549 2651 4607 quam
2685 4541 2897 4594 Volebat
2922 4584 2937 4606 ,
2983 4545 3168 4597 matris
3204 4557 3322 4598 astu
3353 4555 3405 4598 et
3442 4554 3558 4599 arte
3591 4547 3851 4600 minorem
3884 4562 3981 4615 pro

2386 4630 2587 4698 majore
2616 4632 2887 4686 benedixit
2917 4650 2931 4688 :
2959 4649 3062 4704 qua
3091 4636 3140 4688 in
3173 4652 3232 4690 re
3263 4637 3333 4690 ita
3364 4637 3622 4702 indoluit,
3655 4647 3712 4693 ut
3744 4643 3979 4694 amarius

2383 4737 2541 4791 quam
2588 4726 2634 4777 is
2669 4726 2758 4793 qui
2805 4741 2991 4794 passus
3027 4725 3203 4782 fuerat
3242 4729 3539 4793 clamaret,
3589 4742 3978 4799 excusaretque

2385 4815 2760 4883 ignorantiam,
2783 4818 2921 4886 quod
2951 4834 3053 4872 non
3083 4819 3232 4873 illum
3256 4820 3431 4875 sciens
3448 4818 3820 4877 benedictione
3844 4823 3979 4877 frau-

2383 4906 2581 4971 dasset,
2613 4926 2796 4962 vertnn
2820 4912 3230 4964 circumventus.

2459 5009 2583 5062 llaec
2632 5019 2815 5062 autem
2867 5012 3046 5063 omnia
3106 5026 3285 5065 scena:
3332 5012 3657 5082 tragmdiam
3715 5014 3971 5082 przefcre-

2387 5103 2516 5154 bant
2541 5143 2556 5165 ,
2612 5100 2965 5171 fabulan'tque
3001 5101 3389 5163 Thebanorum
3426 5104 3856 5160 adolescentium
3889 5107 3968 5159 si-

2384 5194 2647 5263 gnabant.
2690 5193 2827 5247 Nam
2887 5203 2941 5249 et
2994 5196 3083 5250 hic
3124 5197 3288 5250 etiam
3342 5205 3681 5252 senectutem
3729 5213 3971 5251 occa-ca-

2387 5288 2701 5359 tioncmque
2727 5289 2900 5355 patris
2931 5288 3107 5356 major
3134 5298 3263 5342 natu
3287 5298 3668 5351 contemnens,
3692 5288 3969 5358 junioretn

2385 5377 2607 5431 fratrem
2641 5377 2953 5432 deturbavit
2983 5379 3167 5433 domo.
3202 5378 3265 5432 Et
3293 5382 3337 5434 si
3374 5395 3484 5434 non
3514 5380 3601 5435 ille
3640 5383 3880 5443 necavit,
3914 5382 3967 5433 id

2387 5471 2579 5524 matris
2636 5470 2922 5541 impedivit
2958 5475 3263 5543 sapientia:
3309 5481 3365 5529 et
3408 5475 3494 5529 hic
3545 5476 3689 5529 enim
3736 5477 3968 5529 commi-

2386 5570 2544 5614 natus
2601 5568 2685 5614 est
2756 5560 2996 5628 caedem,
3068 5564 3349 5633 patrisque
3402 5574 3632 5621 mortem
3695 5566 3972 5635 aperieba.

2385 5660 2492 5704 tur.
2554 5649 2710 5716 Quod
2771 5668 2895 5707 cum
2950 5661 3127 5709 mater
3165 5663 3325 5708 cauta
3366 5656 3669 5721 didicisset,
3718 5656 3972 5726 patrique

2386 5742 2687 5809 retulisset,
2724 5744 2877 5801 illttm
2926 5746 3047 5816 ejus
3092 5749 3346 5804 manibus
3397 5749 3598 5819 eripuit
3659 5767 3671 5803 :
3733 5756 3788 5803 et
3839 5763 3967 5803 cum

4198 394 4216 889 ξ

4213 1303 4216 1511 l

4213 1687 4216 1899 l
