4264 6312
202 410 314 468 465

206 524 423 596 quidem
461 525 549 593 qui
592 538 650 578 se
686 520 1040 577 venerabatur
1077 518 1473 588 benevolusque
1506 517 1605 573 sibi
1646 526 1799 596 erat,

204 594 458 688 parentes
490 615 627 683 fuga:
656 612 993 668 committere
1030 619 1332 681 coguntur;
1364 609 1673 678 improbum
1709 594 1805 661 an-

204 719 314 763 tem
343 708 431 777 qui
464 706 564 760 sibi
591 720 828 758 amaram
872 702 1130 758 reddebat
1158 702 1321 755 vitam
1351 700 1488 769 (hoc
1518 699 1659 755 enim
1691 699 1804 767 ipsa

203 798 449 853 Rebecca
495 795 759 864 indicat),
805 796 947 864 apud
990 808 1049 848 se
1090 792 1288 863 jugiter
1328 791 1600 865 tenebant.
1642 790 1805 859 lgitnr

200 908 328 948 cum
362 892 451 946 ille
479 890 791 961 effugisset,
836 891 887 944 in
928 890 1091 944 domo
1124 904 1339 958 semper
1377 889 1632 943 educatus
1660 889 1807 957 (erat

197 988 348 1041 enim
391 985 650 1039 innocens
694 983 938 1039 habitans
986 982 1166 1047 domi,
1217 992 1376 1052 atque
1416 991 1473 1037 ut
1516 981 1804 1051 plurimunt

199 1092 327 1131 eum
354 1085 524 1130 matre
551 1076 696 1129 domi
723 1074 1038 1143 manserat).
1064 1074 1258 1145 quibus
1288 1074 1554 1139 lamentis,
1583 1088 1688 1144 quo
1713 1073 1809 1128 do—

201 1171 349 1235 lore,
378 1185 485 1239 quo
520 1169 722 1240 gemitu
768 1167 1065 1223 Rebeccam
1107 1167 1215 1236 jam
1257 1166 1399 1221 affici
1430 1181 1649 1221 necesse
1679 1166 1803 1234 fuit,

199 1261 579 1316 recordantem
611 1274 825 1329 semper
846 1258 962 1325 filii,
988 1259 1269 1328 virumque
1297 1259 1611 1323 intuentem,
1638 1267 1692 1313 et
1715 1274 1810 1326 per

199 1362 417 1407 aetatem
445 1361 503 1408 et
541 1369 635 1423 per
672 1352 1031 1406 infirmitatem
1058 1350 1226 1406 nihilo
1257 1351 1477 1406 meliore
1502 1351 1809 1407 conditione

199 1461 365 1515 quam
405 1444 713 1500 mortuum?
739 1444 943 1511 Quibus
972 1445 1099 1498 item
1141 1441 1370 1497 luctibus
1404 1458 1588 1498 senem
1618 1443 1808 1497 deten-

202 1548 318 1593 tum
352 1549 506 1608 putas
541 1539 666 1593 dum
702 1552 1016 1593 communes
1042 1550 1167 1591 snas
1194 1544 1246 1591 et
1272 1536 1453 1590 uxoris
1480 1536 1809 1591 calamitates

200 1631 337 1686 flere
365 1630 685 1701 cogeretur?
713 1630 848 1685 Cum
892 1644 1022 1683 vero
1062 1628 1145 1684 illa
1183 1629 1441 1684 moritura
1482 1638 1653 1696 esset,
1682 1631 1808 1699 quid

202 1739 313 1777 non
342 1722 496 1787 dixit,
528 1722 654 1792 quid
685 1736 788 1776 non
818 1721 1034 1791 loquuta
1061 1720 1180 1774 est?
1208 1719 1381 1773 Etiam
1409 1719 1614 1790 lapides
1645 1721 1811 1791 ipsius

200 1815 368 1869 verba
397 1813 714 1884 quuefacere
740 1812 976 1883 potuisse
1001 1819 1148 1881 puto,
1177 1825 1299 1865 cum
1329 1826 1434 1864 non
1458 1810 1663 1866 videret
1686 1826 1812 1882 pro-

202 1922 273 1977 pe
304 1906 604 1961 adstantem
638 1904 801 1959 filium
828 1945 842 1971 ,
876 1911 1034 1974 atque
1066 1903 1489 1973 illacrymantent
1517 1903 1808 1973 oculosque

202 1999 307 2053 sibi
337 1998 780 2067 comprimenlem
801 2037 815 2061 ,
850 2006 1011 2066 atque
1041 2010 1103 2050 os
1128 1994 1533 2050 contraltenlem
1559 2036 1573 2058 ,
1602 1996 1812 2065 aliaque

202 2091 387 2145 omnia
418 2096 695 2158 agentem,
727 2102 846 2157 qu:e
874 2086 1184 2157 parentibus
1222 2098 1394 2141 morte
1426 2088 1458 2156 ἰι
1480 2101 1538 2141 sa
1569 2088 1814 2143 videntur

203 2181 472 2250 graviora.
504 2182 572 2234 At
602 2194 729 2233 vero
755 2177 920 2245 Isaac,
946 2177 1073 2232 dum
1105 2178 1249 2232 illam
1272 2178 1343 2233 ita
1370 2177 1554 2234 efflare
1580 2179 1813 2234 animam

203 2280 487 2335 cerneret,
522 2287 627 2341 quo
665 2272 846 2325 animo
884 2257 1047 2325 fuisse
1091 2271 1358 2341 putandus
1399 2280 1482 2327 est
1519 2281 1572 2328 et
1602 2281 1729 2327 tunc
1760 2281 1815 2328 et.

207 2373 330 2433 post
359 2362 526 2432 ipsius
557 2362 820 2417 mortem?

282 2458 371 2511 fl.
399 2456 560 2511 Iacob
585 2475 682 2527 quo
714 2469 861 2529 pacto
890 2461 1101 2532 amictus
1131 2464 1306 2534 fuerit.
1335 2493 1407 2505 ——
1428 2462 1570 2517 Talis
1600 2462 1688 2517 ille
1718 2476 1816 2516 no-

209 2550 293 2602 bis
320 2549 483 2604 fuisse
509 2560 758 2607 ostensus
787 2562 900 2619 est,
933 2570 1090 2624 quem
1127 2556 1306 2610 multis
1335 2555 1497 2611 fuisse
1523 2555 1813 2611 feliciorem

210 2641 548 2709 putabamus.
577 2642 693 2697 Jant
722 2659 847 2697 vero
871 2644 1035 2701 Jaeob
1059 2646 1225 2716 ipsius
1247 2648 1351 2701 vita
1380 2647 1676 2718 cujusntodi
1702 2646 1819 2702 fue-

210 2734 310 2797 rit,
340 2733 541 2804 absque
570 2735 904 2793 discussione
934 2739 1109 2810 aliqua
1141 2730 1309 2810 ipsius
1338 2742 1496 2795 verba
1534 2741 1767 2796 indicant
1801 2759 1814 2795 :

210 2826 304 2896 qui
347 2843 469 2882 cum
517 2829 850 2886 Pharaonem
894 2832 1256 2903 alloqncretur
1298 2834 1476 2889 aiebat
1512 2853 1524 2889 :
1563 2833 1685 2888 Dies
1723 2836 1819 2888 mei

212 2920 361 2987 parvi
394 2929 440 2973 ct
470 2922 593 2974 ntali
612 2964 627 2989 ,
660 2932 706 2974 et
736 2940 835 2977 non
865 2936 1192 2992 pervenerunt
1221 2928 1289 2979 ad
1314 2927 1420 2980 dies
1448 2937 1649 2996 patrum
1677 2942 1817 2978 meo-

211 3028 328 3065 rum
362 3011 521 3083 (Gen.
552 3014 638 3068 47.
670 3014 740 3085 9)
773 3033 785 3068 :
817 3016 918 3069 hoc
948 3026 1046 3083 est,
1082 3028 1134 3072 et
1160 3017 1462 3072 breviorem
1503 3027 1556 3072 ct
1590 3017 1821 3071 laborio-

212 3103 414 3157 siorem
447 3104 553 3158 vixi
598 3106 782 3159 vitam.
817 3106 1012 3162 \‘erum
1044 3116 1097 3163 et
1131 3092 1333 3174 absque
1373 3107 1474 3162 hac
1515 3109 1655 3163 illius
1693 3123 1819 3163 sen—

214 3198 381 3250 tentia
430 3196 502 3251 ita
556 3206 681 3251 sttnt
730 3210 929 3269 apertae
975 3201 1306 3256 calamitates
1355 3201 1509 3269 ejus,
1560 3211 1619 3255 ttt
1668 3202 1821 3271 pauci

214 3287 503 3342 admodum
532 3290 638 3343 sint
668 3292 755 3360 qui
788 3291 905 3345 illas
935 3293 1195 3347 nesciant.
1230 3297 1376 3346 Avus
1413 3308 1642 3362 namque
1672 3292 1819 3361 ejus,

213 3380 319 3433 etsi
352 3381 690 3450 longinquam
724 3384 1205 3453 peregrinationem
1248 3399 1501 3439 emensus
1527 3396 1643 3451 est,
1669 3384 1821 3454 jussu

218 3471 314 3525 Dei
356 3471 458 3525 ltoc
493 3473 649 3539 fecit,
689 3490 807 3543 qua:
842 3490 929 3528 res
960 3475 1194 3529 maximo
1222 3476 1322 3545 ipsi
1353 3475 1547 3531 solatio
1573 3474 1705 3541 fuit;
1740 3476 1825 3530 hic

215 3575 397 3620 autent
443 3565 660 3621 fratrem
704 3568 910 3638 fugiens
949 3568 1328 3634 insidiantem,
1373 3569 1825 3640 parricidiumque

216 3658 586 3721 meditantem,
621 3674 860 3713 summos
890 3660 1101 3714 itineris
1130 3661 1343 3715 labores
1373 3676 1561 3730 passus
1589 3669 1671 3716 est
1696 3678 1711 3713 :
1739 3670 1823 3715 at—

216 3765 325 3820 que
357 3751 444 3804 ille
474 3751 685 3820 quident
726 3753 1031 3807 necessario
1060 3752 1198 3807 victu
1238 3768 1529 3824 numquam
1563 3741 1821 3825 indiguit;

221 3842 347 3895 huic
380 3857 505 3895 vero
537 3842 587 3895 in
617 3853 741 3897 voto
770 3853 914 3909 erat,
948 3843 1263 3899 indumento
1299 3860 1361 3899 ac
1400 3862 1534 3914 pane
1572 3846 1687 3900 solo
1720 3863 1824 3901 non

220 3934 481 4003 indigere.
510 3934 763 3989 Servatus
785 3945 984 4001 autem,
1010 3945 1167 4007 atque
1196 3937 1401 3992 itineris
1429 3938 1828 4009 fatigationibns

222 4027 381 4094 liber,
414 4044 533 4083 enm
562 4028 777 4083 tandem
804 4028 868 4082 ad
901 4028 1090 4083 affines
1114 4045 1243 4085 suos
1275 4031 1628 4099 pervenisset,
1657 4032 1743 4101 qui
1775 4031 1825 4085 itt

223 4128 371 4172 tanta
407 4136 585 4174 rerum
622 4120 773 4189 capia
814 4122 1043 4175 nutritus
1073 4120 1245 4177 fuerat
1286 4122 1487 4177 servire
1517 4124 1825 4193 cogebatur.

222 4209 341 4263 Non
372 4210 583 4280 ignoras
614 4224 791 4266 autem
822 4214 1133 4267 servitutem
1156 4255 1170 4280 ,
1204 4229 1324 4267 cum
1363 4229 1575 4284 semper
1603 4214 1827 4269 molesta

224 4302 318 4367 sit,
349 4314 457 4356 tttnt
487 4304 717 4357 maxime
744 4304 907 4357 videri
936 4305 1393 4371 tnolestissitnam,
1418 4322 1537 4360 eum
1566 4308 1684 4376 quis
1710 4322 1831 4375 pro-

225 4394 439 4465 pinquis
469 4409 530 4449 ac
559 4396 772 4466 paribus
798 4398 1001 4453 servire
1027 4398 1254 4468 cogitur,
1286 4399 1442 4468 idque
1469 4415 1589 4453 cum
1616 4400 1730 4470 ejus
1755 4403 1828 4455 rei

227 4503 519 4558 numquam
574 4491 869 4559 periculum
920 4491 1139 4558 fecerit,
1188 4492 1281 4547 sed
1331 4494 1565 4563 priorem
1617 4510 1830 4549 onmem

228 4590 441 4635 attatem
476 4582 525 4635 in
568 4582 811 4637 libertate
847 4597 909 4637 ac
946 4582 1149 4637 deliciis
1178 4585 1365 4653 egerit.
1409 4584 1560 4651 Quod
1592 4600 1711 4639 cum
1754 4585 1834 4637 itt-

229 4674 511 4731 tolerabile
538 4692 656 4732 esse
685 4677 975 4745 videretur,
1008 4677 1129 4732 forti
1154 4686 1328 4731 tamen
1353 4688 1407 4732 et
1435 4694 1629 4749 magno
1654 4679 1834 4733 animo

231 4771 458 4827 ferebat.
502 4772 670 4827 Porro
701 4771 827 4839 quid
863 4787 1221 4825 acrumnarmn
1255 4772 1306 4824 itt
1336 4772 1440 4825 vita
1484 4772 1569 4825 illa
1610 4786 1703 4825 sua
1738 4788 1832 4840 pa-

232 4864 416 4919 storali
450 4879 635 4933 passus
677 4864 780 4927 sit,
817 4863 988 4932 ipsum
1018 4862 1204 4917 audias
1238 4864 1359 4917 licet
1385 4864 1649 4918 dicentem
1683 4881 1695 4917 :
1725 4863 1835 4933 Ego

233 4956 577 5026 pet-solvebant
616 4973 648 5009 a
691 4957 883 5025 uteipso
928 4959 1064 5027 furta
1103 4955 1204 5009 diei
1246 4964 1292 5008 et
1332 4957 1469 5028 furta
1513 4957 1669 5009 noctis
1701 4973 1719 5009 :
1749 4974 1838 5026 per

232 5050 368 5103 diem
395 5049 577 5103 urebar
603 5058 727 5103 wstu
749 5090 762 5113 ,
796 5057 841 5101 et
878 5061 1021 5101 nocte
1060 5048 1207 5120 gelu,
1239 5048 1596 5115 reccdebatque
1632 5065 1837 5102 somnus

236 5141 299 5195 ab
327 5142 485 5195 oculis
512 5141 633 5194 meis
660 5157 679 5195 :
705 5141 802 5194 ista
828 5141 950 5194 mihi
973 5143 1174 5211 fuerunt
1221 5141 1369 5193 annis
1412 5141 1588 5211 viginti
1610 5139 1657 5213 (1
1668 5140 1719 5193 d.
1746 5141 1834 5194 5i.

236 5234 457 5303 '59-“).
494 5216 737 5287 llmcille
786 5247 975 5304 passus
1004 5241 1116 5299 est,
1147 5233 1233 5302 qui
1263 5232 1425 5286 vitam
1465 5234 1667 5288 vixerat
1706 5233 1837 5287 sim-

236 5327 457 5400 plicem,
486 5327 574 5397 qui
606 5341 821 5396 semper
849 5325 1021 5381 fuerat
1047 5325 1211 5380 domi.
1242 5326 1477 5397 Postque
1503 5336 1581 5381 tot
1605 5326 1836 5392 labores,

239 5430 318 5477 tot
344 5420 704 5489 incommoda,
739 5428 859 5490 post
890 5420 1103 5491 longum
1134 5420 1262 5475 illud
1293 5421 1566 5475 servitutis
1607 5432 1835 5490 tempus,

239 5514 482 5570 fraudem
514 5515 656 5568 illam
685 5513 1075 5569 amarissimam
1109 5513 1364 5584 pertulit,
1394 5529 1496 5585 qua
1537 5515 1635 5570 sibi
1673 5516 1838 5569 altera

238 5606 465 5681 alterius
492 5606 612 5661 loco
642 5607 831 5661 tradita
863 5622 998 5660 uxor
1036 5616 1139 5662 cst.
1185 5606 1316 5661 Nant
1358 5606 1409 5665 si,
1446 5623 1552 5662 non
1590 5608 1844 5663 servisSet

240 5701 398 5756 annis
432 5708 671 5769 septem,
703 5702 747 5753 si
784 5714 889 5753 non
917 5715 979 5755 ea
1026 5714 1214 5770 passus
1253 5698 1470 5765 fuisset,
1507 5714 1627 5771 quae
1651 5714 1841 5754 socero

242 5802 568 5866 cettquestns
587 5793 739 5860 dixit,
763 5793 807 5847 si
830 5809 934 5847 non
958 5794 1248 5849 amavisset
1270 5792 1522 5862 puellam,
1544 5793 1644 5849 hoc
1667 5793 1839 5863 ipsum

244 5895 423 5942 tamen
446 5885 587 5956 quod
617 5886 718 5940 sibi
747 5887 1061 5941 lormosiore
1088 5886 1371 5955 promissa,
1401 5886 1585 5942 tradita
1617 5886 1712 5957 ipsi
1740 5900 1836 5956 pro

578 5984 840 6045 ΙἈτιιοι..
895 5985 1013 6046 (in.
1053 5987 1105 6045 Χ
1122 5986 1210 6045 l.\'
1226 5987 1303 6047 fl.

1066 401 1158 458 AD
1199 400 1568 458 STAGlltiUM
1610 401 1648 454 Α
1694 396 1997 455 ΒᾸΞΜΟΝΕ
2039 397 2396 456 VEXATUM.
2444 400 2572 456 LIB.
2607 398 2669 455 ll.

3413 402 3518 459 ωδ

1915 515 2002 569 illa
2034 516 2269 572 deterior
2297 517 2415 584 fuit,
2446 527 2703 587 quantum
2744 527 2896 587 putas
2923 518 3192 586 mmroris,
3221 520 3347 590 quid
3380 520 3521 575 indi-

1913 610 2200 675 gnationis,
2232 611 2358 679 quid
2390 610 2593 666 doloris
2622 611 2780 666 bean
2809 612 2882 666 illi
2914 621 3038 668 tunc
3068 614 3351 683 przestittt?
3381 614 3523 669 Sane

1913 702 1959 756 si
1988 703 2105 770 quis
2135 704 2270 757 alius
2299 704 2348 758 id
2381 719 2572 774 passus
2599 713 2763 771 esset,
2803 720 3093 775 numquam
3123 720 3242 761 eam
3281 705 3522 761 fraudem

1914 803 2074 864 atque
2102 795 2350 864 injuriant
2378 796 2606 862 tulisset,
2635 795 2728 850 sed
2754 796 2900 849 omni
2929 796 3075 866 prius
3102 795 3345 851 affinium
3372 812 3525 851 ever-

1917 901 1973 939 sa
2007 886 2168 941 domo
2190 929 2205 953 ,
2233 902 2293 942 se
2326 887 2440 957 ipse
2468 902 2588 941 cunt
2622 888 2725 942 illis
2751 903 2853 941 una
2881 888 3269 957 interfecisset,
3299 897 3394 942 aut
3419 888 3525 942 alio

1916 980 2106 1049 quovis
2138 980 2300 1035 modo
2339 979 2660 1050 perdidisset
2693 997 2705 1032 :
2734 982 2986 1051 quoniam
3028 997 3158 1037 vero
3198 980 3497 1051 patientissi

1918 1086 2038 1126 mus
2061 1086 2124 1126 ac
2153 1072 2473 1143 longanimis
2509 1083 2626 1127 erat
2653 1072 2842 1139 Jacob,
2874 1073 3008 1129 nihil
3040 1073 3345 1144 hujusmodi
3375 1065 3523 1139 fecit,

1919 1166 2013 1221 sed
2056 1181 2122 1221 ne
2164 1166 2374 1222 initium
2419 1168 2635 1237 quidem
2682 1168 2946 1237 ejusmodi
2984 1170 3290 1240 cogitationi
3331 1170 3477 1226 dedit
3512 1190 3534 1225 :e

1930 1256 2037 1310 imo
2064 1272 2191 1313 vero
2226 1267 2433 1328 septem
2479 1274 2651 1314 annos
2690 1260 2824 1315 alios
2864 1260 3057 1315 iterum
3102 1263 3306 1318 servire
3345 1262 3529 1332 jussus

1918 1361 2166 1422 prompte
2187 1352 2445 1419 obcdivit,
2468 1352 2604 1407 adeo
2626 1354 2769 1409 ntitis
2795 1365 2909 1409 erat
2932 1369 2995 1409 ac
3016 1368 3347 1412 mansuetus.
3376 1354 3529 1423 Quod

1916 1445 1962 1499 si
2006 1446 2191 1514 puella:
2220 1461 2373 1499 amor
2401 1446 2799 1501 mansuetudini
2842 1462 3053 1501 morum
3088 1447 3528 1513 obsecundabat,

1918 1552 2105 1592 rursus
2142 1537 2272 1592 mihi
2315 1538 2568 1594 maeroris
2606 1538 3029 1608 magnitudinem
3075 1540 3294 1595 asseris.
3337 1539 3529 1595 Consi-

1919 1628 2049 1683 dera
2081 1628 2222 1683 cnim
2247 1671 2261 1695 ,
2303 1643 2486 1698 quaeso
2506 1668 2523 1695 ,
2555 1638 2811 1699 quantum
2852 1629 2945 1684 ille
2974 1629 3176 1685 doloris
3207 1646 3395 1700 passus
3424 1630 3529 1698 sit,

1917 1734 2039 1775 cum
2088 1720 2205 1789 ejns
2245 1736 2404 1790 quam
2449 1720 2520 1775 ita
2566 1720 2917 1776 vehementer
2962 1721 3215 1791 diligebat
3259 1722 3531 1778 fraudatus

1918 1812 2289 1883 amplexibus,
2334 1813 2583 1883 illiusque
2628 1813 2897 1868 connubia
2939 1814 3288 1883 desiderans,
3323 1824 3532 1885 septem

1919 1921 2109 1961 rursus
2139 1921 2403 1960 annorum
2432 1906 2689 1961 dilatione
2718 1908 3011 1975 cruciatur,
3046 1906 3243 1978 frigora
3276 1917 3331 1963 et
3367 1917 3533 1963 aestus

1918 2007 1973 2053 et
2002 1998 2207 2070 vigilias
2248 2007 2303 2053 et
2342 1997 2663 2054 detrimenta
2702 2008 2957 2069 perpetua
2987 1998 3215 2069 patiens.
3250 2000 3325 2055 Ea
3352 2008 3531 2055 tamen

1920 2090 2032 2159 ipsa
2063 2090 2263 2159 potitus
2298 2089 2511 2144 tandem
2535 2132 2550 2155 ,
2589 2090 2885 2160 vivensque
2914 2090 3054 2161 apud
3092 2104 3340 2146 socerum
3369 2090 3532 2145 vitam

1919 2185 2175 2236 aerumnis
2201 2190 2255 2237 et
2280 2182 2554 2237 laboribus
2584 2182 2827 2252 plenam,
2856 2182 2933 2237 sic
2959 2198 3172 2253 quoque
3198 2183 3412 2238 invidia:
3441 2200 3534 2255 pa-

1900 2274 2022 2328 'tuit
2042 2316 2055 2340 ,
2086 2282 2140 2328 et
2169 2273 2463 2330 secundam
2492 2272 2735 2329 fraudem
2769 2274 2820 2328 in
2851 2261 3190 2330 mercedibus
3217 2290 3440 2345 passus,
3475 2286 3535 2329 ut

1923 2366 2265 2435 ipsequoque
2292 2366 2440 2421 illutn
2472 2366 2707 2437 arguerit
2732 2366 2915 2422 dicens
2955 2385 2970 2421 :
2994 2366 3245 2438 Decepiin
3265 2384 3341 2421 me
3360 2368 3530 2422 decem

1925 2457 2072 2526 agnis
2101 2454 2265 2526 (Ceu.
2296 2458 2384 2512 '51.
2427 2457 2487 2511 il
2512 2455 2553 2527 ).
2588 2456 2703 2512 Una
2743 2472 2873 2511 vero
2914 2472 3035 2512 cum
3078 2473 3267 2513 socero
3307 2473 3532 2513 uxorum

1924 2546 2118 2604 fratres
2161 2550 2330 2621 magis
2365 2551 2525 2605 etiam
2558 2550 2820 2606 adversus
2850 2552 2995 2605 illum
3027 2550 3233 2605 efferati
3262 2550 3532 2606 excande-

1924 2643 2164 2699 scebant.
2192 2643 2346 2712 Quod
2374 2653 2552 2697 autem
2580 2654 2698 2698 erat
2724 2645 2972 2699 omnibus
3010 2646 3245 2715 gravius,
3276 2661 3417 2699 uxor
3446 2645 3533 2698 illa
3585 2692 3595 2704 ,

1926 2746 2031 2790 tam
2078 2737 2307 2803 dilecta,
2344 2737 2497 2807 cujus
2538 2738 2706 2807 gratia
2754 2738 2837 2791 bis
2885 2747 3092 2807 septem
3137 2738 3294 2793 annis
3331 2737 3538 2793 servire

1924 2829 2231 2900 delegerat,
2273 2844 2383 2898 pra:
2422 2828 2668 2883 molestia
2703 2828 3099 2896 suffocabatur,
3136 2846 3257 2884 eum
3289 2844 3535 2884 sororem

1926 2936 2075 2975 suam
2108 2921 2404 2989 parientem
2435 2929 2711 2986 cerneret,
2743 2936 2801 2976 se
2834 2936 2964 2975 vero
2990 2920 3135 2975 ontni
3174 2920 3411 2989 pariendi
3442 2935 3538 2990 Spe

1926 3011 2232 3065 destitutam
2258 3052 2271 3076 ,
2303 3020 2460 3080 atque
2489 3012 2538 3064 in
2569 3020 2773 3065 tantum
2803 3020 2928 3065 tunc
2955 3026 3232 3066 excessum
3270 3028 3334 3068 ex
3373 3012 3536 3067 animi

1930 3116 2161 3155 mezrore
2191 3100 2481 3156 devenerat
2501 3142 2515 3166 ,
2550 3111 2606 3156 ut
2631 3102 2945 3157 criminibus
2973 3111 3027 3157 et
3055 3101 3285 3173 querelis
3315 3103 3562 3173 agitaret-

1927 3195 2139 3259 virum,
2175 3203 2508 3264 mortemque
2551 3194 2767 3250 sibimet
2807 3194 3158 3251 obventuram
3207 3196 3536 3262 minaretur,

1930 3287 2032 3342 ntsi
2067 3294 2295 3356 pareret,
2325 3285 2409 3339 Da
2434 3286 2579 3351 nti/ti,
2606 3286 2873 3355 inquiens,
2907 3285 3107 3353 liberos,
3136 3287 3328 3358 alioqui
3353 3288 3542 3341 moriar

1930 3398 2020 3451 ego
2055 3381 2073 3451 (
2103 3379 2183 3434 Id.
2221 3380 2311 3435 50.
2347 3373 2431 3443 1).
2468 3377 2757 3445 Quomodo
2821 3380 2913 3435 ille
2942 3380 3107 3435 laetari
3141 3390 3384 3449 peierat,
3417 3396 3538 3435 eum

1931 3490 1991 3528 ca
2024 3489 2181 3545 quam
2213 3472 2466 3542 diligebat
2504 3473 2583 3527 sic
2621 3472 2812 3527 affecta
2857 3482 3038 3537 esset,
3073 3473 3368 3543 fratresque
3398 3474 3541 3527 illius

1931 3565 2032 3635 ipsi
2081 3563 2462 3619 insidiarentur
2508 3564 2792 3633 omniaque
2840 3564 3196 3632 molirentur,
3243 3575 3300 3618 ut
3342 3564 3431 3619 ille
3474 3564 3540 3619 ad

1932 3669 2227 3713 extremam
2273 3658 2552 3713 devcniret
2596 3658 2873 3727 in0piam?
2907 3658 3038 3713 Nam
3071 3659 3115 3713 si
3147 3675 3209 3715 ea
3231 3702 3245 3727 ,
3277 3677 3394 3730 qua:
3426 3661 3543 3716 sine

1933 3752 2129 3807 sudore
2170 3751 2309 3807 dotis
2356 3752 2572 3806 nomine
2619 3751 2899 3807 traduntur
2944 3752 3230 3819 uxoribus,
3264 3768 3383 3808 cum
3425 3757 3545 3823 quis

1933 3846 2214 3902 itihiUiCl‘il
2236 3887 2250 3910 ,
2280 3846 2514 3899 maxime
2542 3860 2774 3900 mcerore
2804 3843 3106 3899 afficiatur:
3138 3846 3182 3898 is
3208 3846 3295 3915 qui
3327 3846 3544 3916 pericli-

1936 3940 2147 3993 labatur
2172 3954 2231 3992 ea
2261 3954 2380 4008 qua:
2412 3938 2632 3992 summis
2664 3938 2936 3993 laboribus
2961 3938 3244 4009 qumsierat
3268 3940 3539 4004 amittere,

1934 4046 2040 4101 quo
2080 4031 2261 4084 animo
2292 4029 2433 4085 ferre
2464 4045 2523 4084 ea
2557 4029 2876 4085 detrimenta
2923 4029 3172 4100 poterat?
3207 4028 3339 4083 Cum
3389 4030 3547 4100 igitur

1937 4122 2078 4177 haud
2124 4123 2351 4177 obscure
2395 4132 2675 4192 suspectus
2718 4130 2891 4186 esset,
2940 4137 3139 4192 eosque
3182 4137 3239 4176 se
3282 4123 3547 4176 intuentes

1937 4226 2183 4273 cerneret
2203 4257 2216 4280 ,
2248 4216 2386 4271 clam
2421 4218 2594 4286 fugam
2629 4215 2803 4270 iniens
2831 4214 3079 4269 discessit
3109 4232 3122 4267 :
3153 4230 3259 4284 quo
3287 4213 3413 4284 quid
3444 4213 3546 4268 diei

1938 4308 2296 4363 miserabilius
2326 4308 2537 4378 possit?
2566 4307 2699 4361 Nam
2741 4316 2796 4361 et
2836 4322 2899 4361 ex
2947 4316 3165 4376 paterna
3203 4307 3363 4361 domo
3401 4316 3456 4362 et
3484 4323 3548 4361 ex

1938 4404 2109 4457 aliena
2131 4418 2252 4457 cum
2276 4412 2419 4456 tttetu
2448 4417 2510 4457 ac
2539 4402 2792 4472 periculis
2822 4402 3080 4472 migrans,
3114 4400 3166 4453 itt
3196 4400 3383 4455 eadem
3415 4416 3549 4469 pra--

1940 4504 2092 4564 rupta
2123 4510 2308 4549 rursus
2343 4493 2633 4563 cogebatur
2672 4492 2927 4549 incidere.
2969 4493 3175 4561 Quippe
3214 4490 3433 4545 fratrem
3464 4492 3547 4544 fu-

1938 4589 2111 4658 giens,
2140 4604 2198 4642 se
2229 4588 2293 4641 ad
2323 4602 2570 4641 socerum
2600 4586 2922 4651 contulerat,
2952 4601 2981 4639 a
3010 4600 3117 4654 quo
3150 4584 3340 4639 iterum
3373 4585 3554 4651 exagi-

1942 4690 2081 4735 tatus
2112 4680 2178 4734 ad
2213 4679 2430 4733 fratrem
2464 4660 2639 4732 redire
2669 4677 2979 4747 cogebatur,
3023 4675 3394 4746 propheticum
3424 4675 3552 4728 illud

1941 4786 2153 4842 passus,
2183 4769 2323 4840 quod
2352 4769 2419 4823 de
2448 4768 2537 4823 die
2570 4768 2777 4822 Domini
2807 4767 2937 4821 diett
2966 4766 3128 4820 Amos
3157 4784 3170 4821 :
3205 4764 3354 4819 Velut
3375 4766 3418 4819 si
3444 4767 3556 4835 quis

1943 4863 2106 4934 fugiat
2136 4880 2167 4914 a
2195 4862 2325 4931 {acie
2356 4861 2545 4927 leonis,
2578 4868 2623 4913 et
2650 4868 2881 4913 occurrat
2911 4858 2957 4911 ei
2995 4875 3173 4924 ursus,
3206 4858 3556 4929 ingressusque

1943 4955 1995 5007 in
2025 4955 2231 5007 domum
2260 4969 2404 5007 suam
2446 4960 2491 5006 et
2531 4951 2713 5021 parieti
2756 4966 2935 5004 manus
2966 4950 3234 5021 applicans
3264 4948 3554 5003 mordeatur

1943 5064 1975 5099 a
2005 5045 2209 5099 colubra
2238 5044 2428 5116 (Amos
2467 5044 2521 5099 5.
2560 5042 2681 5113 f9).
2712 5043 2843 5111 Quis
2881 5051 3061 5098 autem
3110 5057 3231 5097 eum
3265 5050 3554 5098 tremorem

1945 5156 2199 5196 enarrare
2229 5140 2433 5209 possit,
2464 5154 2622 5209 quem
2651 5153 2937 5209 perpessus
2965 5147 3046 5194 est
3075 5136 3499 5207 comprehensus
3533 5154 3561 5190 a

1944 5234 2148 5297 Laban,
2176 5234 2490 5304 itinerisque
2516 5233 2810 5303 angustias,
2836 5248 2958 5287 cum
2986 5246 3046 5287 se
3073 5241 3179 5287 tam
3209 5247 3555 5289 numerosum

1948 5340 2109 5395 pecus
2148 5324 2349 5395 filiique
2387 5326 2469 5379 sui
2514 5324 2907 5393 sequerentur?
2936 5323 3201 5379 Cmterum
3229 5338 3349 5378 cum
3379 5324 3575 5418 fratrisr'

1947 5417 2138 5474 faciem
2160 5427 2302 5473 esset
2328 5419 2685 5489 inspecturus,
2712 5432 2890 5471 nonne
2914 5416 3053 5471 idem
3075 5431 3267 5486 passus
3289 5426 3388 5482 est,
3415 5417 3555 5487 quod

1947 5511 2086 5582 apud
2115 5521 2301 5581 poetas
2330 5511 2417 5581 qui
2447 5512 2624 5565 fictum
2656 5519 2813 5580 caput
2844 5508 3110 5579 Gorgonis
3133 5507 3352 5562 vident?
3381 5523 3558 5562 nonne

1949 5607 2019 5660 ita
2047 5620 2144 5677 per
2168 5606 2345 5659 omnia
2368 5603 2589 5659 affectus
2609 5612 2745 5669 erat,
2770 5617 2839 5659 ac
2860 5601 2903 5655 si
2929 5600 2997 5656 ad
3026 5607 3255 5657 mortem
3284 5599 3559 5654 venisset?

1948 5698 2085 5753 Audi
2113 5713 2244 5753 sane
2270 5698 2415 5752 illius
2440 5698 2625 5764 verba,
2654 5706 2814 5767 atque
2838 5711 2903 5751 ex
2931 5695 3010 5750 eis
3036 5694 3249 5749 insitam
3278 5694 3422 5748 illius
3443 5692 3551 5746 ani-

1948 5808 2037 5847 mo
2070 5792 2276 5846 timoris
2304 5791 2572 5845 flammam
2605 5789 2821 5844 addiscc
2853 5808 2864 5842 :
2898 5788 3052 5850 Deus,
3084 5805 3203 5842 erue
3231 5804 3329 5851 me,
3362 5787 3552 5857 inquit,

1953 5886 2015 5939 de
2050 5901 2200 5938 manu
2240 5882 2379 5938 Esau
2413 5884 2586 5955 fratris
2627 5883 2753 5946 mei,
2786 5883 2902 5949 quia
2939 5880 3084 5935 ralde
3125 5896 3236 5932 eum
3280 5880 3462 5944 timeo,
3499 5898 3557 5934 ne

3130 5974 3207 6033 2'1
