4264 6312
756 371 852 427 to:
919 444 922 447 λ

753 500 886 566 [arte
924 484 1267 556 superveniens
1308 481 1572 548 interﬁciat
1613 496 1689 532 me
1722 495 1780 531 ac
1811 487 2017 529 matrem
2048 492 2160 528 curn
2187 472 2327 542 ﬁliis.

755 565 833 629 Tu
863 588 1025 630 autent
1056 575 1176 627 milii
1202 572 1391 635 diris-ti,
1424 570 1555 623 Bene
1590 570 1675 622 tibi
1705 570 1888 639 faciam
1917 566 2067 633 (lien.
2098 566 2183 619 ⁸52.
2222 565 2330 637 tl).

753 669 920 733 Quam
953 680 1059 718 non
1093 664 1325 717 lLClillalll
1366 662 1451 714 hic
1490 669 1661 713 metus
1704 659 2049 721 exclusisset,
2086 656 2243 709 etiam
2289 655 2331 706 si

753 756 917 824 priori
938 756 1081 809 Omni
1111 762 1344 821 tempore
1371 750 1799 826 tranquillissime
1826 747 2075 808 vixisset}
2104 750 2169 800 At
2196 761 2334 799 nunc

751 846 924 899 omnis
953 846 1038 899 illa
1068 846 1191 908 vita,
1223 859 1285 897 ex
1316 858 1415 911 qua
1445 841 1531 895 die
1571 839 1986 895 benedictionem
2019 846 2333 905 accepturus

754 950 897 989 Ittelu
926 950 1059 1005 pene
1087 934 1256 988 fuerat
1283 942 1543 996 mortuus,
1577 946 1668 999 per
1696 930 2025 982 calamitates
2056 926 2226 979 varias
2256 925 2333 977 iu-

751 1027 1019 1095 sidiasquc
1051 1025 1342 1080 texebatur.
1370 1022 1569 1077 Tantus
1596 1020 1820 1088 denique
1849 1028 1971 1072 tunc
1997 1018 2141 1069 illum
2176 1016 2332 1069 timor

752 1121 1057 1181 invaserat,
1088 1126 1143 1170 ut
1178 1124 1293 1185 post
1330 1127 1670 1184 congressum
1703 1110 1883 1164 fratris
1907 1151 1921 1173 ,
1951 1107 2335 1178 quantumlilmt

750 1207 838 1259 ille
869 1215 1061 1275 prrcter
1090 1220 1237 1274 Spem
1270 1205 1491 1273 benigne
1516 1213 1569 1257 et
1599 1191 1898 1254 humaniter
1924 1214 1986 1252 eo
2015 1213 2140 1251 usus
2168 1206 2330 1260 esset,

751 1298 1022 1351 conlidere
1048 1313 1112 1351 ne
1139 1298 1214 1350 sic
1243 1296 1456 1366 quidem
1494 1303 1675 1364 posset
1713 1292 2139 1359 anxietate-mque
2166 1289 2332 1356 depo-

753 1405 901 1444 nere.
946 1389 1182 1458 Deniqne
1213 1404 1331 1440 cum
1363 1388 1667 1440 obsecraret
1700 1385 1785 1437 ille
1808 1426 1821 1448 ,
1852 1391 1905 1436 nt
1947 1397 2123 1435 secum
2162 1396 2219 1432 se
2259 1382 2334 1432 ire

754 1482 1121 1551 permitteret,
1165 1495 1267 1533 non
1308 1493 1460 1532 secus
1498 1494 1653 1545 quam
1695 1491 1722 1527 a
1764 1477 1870 1527 fera
1914 1475 2085 1541 aliqua
2120 1470 2334 1524 liberari

752 1573 991 1641 cupiens,
1024 1581 1079 1625 ut
1110 1571 1381 1625 recederet
1414 1569 1617 1633 orabat,
1650 1568 1832 1619 dicms
1866 1584 1876 1617 ε
1914 1564 2083 1629 Nosti,
2113 1564 2331 1625 domine,

754 1666 871 1734 quia
908 1666 1122 1734 infantes
1162 1663 1429 1715 teneriores
1467 1670 1855 1723 sunt,_oresque
1885 1668 1927 1710 ct
1964 1658 2107 1709 bores
2146 1671 2335 1706 mecum

755 1761 920 1829 (cette;
947 1757 991 1810 si
1014 1772 1128 1824 ergo
1156 1772 1355 1825 urgeam
1380 1770 1482 1819 eas,
1512 1752 1591 1803 die
1618 1768 1717 1803 una
1741 1751 2013 1801 morientur
2041 1750 2203 1799 cuncti
2223 1762 2336 1817 gre-

753 1866 857 1919 ges.
890 1847 1149 1901 Prwcedat
1188 1846 1419 1898 dominus
1448 1861 1585 1896 meus
1612 1852 1723 1894 ante
1748 1858 1942 1894 serrum
1973 1856 2139 1901 suum,
2172 1848 2216 1891 et
2248 1854 2336 1906 rgo

751 1939 1050 1992 inralescam
1076 1939 1127 1990 in
1151 1938 1229 1990 ria
1254 1936 1523 1989 secundum
1550 1934 1832 1985 tarditatem
1861 1931 2199 2002 profcctionis,
2227 1946 2338 1997 qua:

755 2028 924 2082 coram
965 2045 1041 2081 me
1082 2039 1126 2081 et
1167 2028 1309 2094 iuxta
1350 2025 1497 2096 pedrs
1539 2027 1863 2095 purrulorum
1897 2038 2151 2085 morum,
2182 2021 2337 2072 donec

754 2122 948 2174 ueniam
995 2120 1062 2171 ad
1103 2119 1357 2171 dominum
1406 2134 1567 2169 meum
1606 2118 1655 2168 in
1689 2114 1945 2181 δεῖγμά.
1976 2115 2063 2167 55.
2096 2114 2180 2166 ιδ.
2214 2113 2332 2179 Η).

667 2210 671 2213 ⁷
756 2215 1144 2283 Respiransque
1172 2228 1234 2265 ex
1264 2212 1364 2263 illis
1389 2210 1634 2278 periculis
1657 2208 1939 2271 modicum,
1967 2207 2015 2259 in
2038 2207 2197 2259 alium
2228 2205 2337 2257 lon-

756 2324 818 2378 ge
847 2307 1131 2359 maximum
1163 2305 1404 2357 timorem
1432 2302 1629 2353 incidit.

828 2396 975 2449 Dirue
1012 2396 1132 2462 ﬁlia:
1155 2404 1348 2462 raptus.
1380 2422 1447 2430 ——
1479 2392 1643 2461 ltapta
1684 2392 1879 2459 quippe
1906 2390 2042 2442 illius
2070 2389 2193 2453 lilia,
2227 2388 2337 2457 pri-

754 2503 898 2541 mum
926 2486 1136 2555 quidem
1168 2485 1352 2552 puella:
1384 2481 1757 2536 contumeliam
1786 2496 1927 2549 a-grc
1969 2480 2199 2541 ferebat;
2246 2478 2340 2532 sed

753 2596 871 2635 cum
904 2580 953 2633 id
983 2578 1183 2631 facinus
1212 2579 1424 2631 lenisset
1445 2620 1458 2640 ,
1489 2576 1626 2645 quod
1658 2591 1772 2628 eam
1816 2575 1953 2643 regis
1982 2574 2117 2627 ﬁlius
2148 2574 2307 2627 ductu
2327 2604 2339 2612 -

756 2687 871 2725 rum
900 2685 955 2724 se
978 2684 1196 2722 uxorem
1231 2667 1599 2735 polliceretur,
1628 2680 1851 2734 eamque
1878 2666 2192 2719 sententiam
2222 2664 2337 2716 lau-

756 2763 933 2816 dasset
978 2761 1162 2824 JaCoh,
1196 2760 1394 2814 fmdera
1422 2759 1635 2812 violavit
1676 2758 1799 2811 Levi
1846 2773 1965 2811 cum
2017 2756 2180 2809 fratre
2222 2772 2337 2818 suo,

756 2860 1002 2922 civesque
1030 2852 1225 2904 viritim
1258 2852 1320 2903 ad
1354 2866 1512 2903 unum
1534 2849 1834 2917 jugulantes
1861 2888 1873 2905 .
1915 2849 1964 2900 in
2000 2848 2049 2899 id
2096 2846 2342 2899 tremoris

760 2953 961 3013 patrem
1008 2942 1363 3007 induxerunt,
1409 2950 1463 2992 ut
1507 2941 1628 2993 inde
1675 2939 1913 3007 protinus
1962 2938 2245 3006 migraret,
2278 2950 2343 2989 eo

757 3035 897 3105 quod
940 3050 1127 3087 omnes
1163 3034 1446 3086 adversum
1493 3048 1549 3085 se
1594 3032 1881 3087 heUaturos
1923 3031 2152 3083 timeret.
2201 3027 2342 3080 Dixit

758 3127 911 3191 enim,
932 3126 1001 3177 ait
1028 3123 1317 3191 Scriptura,
1346 3121 1504 3174 .lacob
1527 3122 1593 3173 ad
1621 3122 1905 3175 Simeonem
1937 3130 1980 3173 et
2012 3118 2130 3172 Leri
2153 3135 2169 3171 :
2197 3118 2347 3170 ()dio-

758 3233 870 3270 sum
912 3232 989 3267 me
1028 3214 1232 3284 fecistis,
1264 3221 1315 3265 ut
1353 3214 1553 3281 iniquus
1593 3213 1709 3276 sint,
1755 3212 1982 3263 omnibus
2010 3210 2345 3263 habitantibus

758 3316 962 3370 terram,
994 3306 1384 3373 Cltananwisque
1409 3316 1451 3356 ct
1480 3302 1772 3358 Pltcrezteis.
1802 3303 1909 3372 Ego
1934 3314 2095 3355 autent
2123 3320 2231 3356 sum
2253 3302 2345 3353 mi-

763 3399 929 3452 nimus
955 3414 1178 3459 nuntero,
1208 3396 1590 3467 congregatique
1610 3406 1789 3447 contra
1817 3412 1893 3447 me
1913 3397 2063 3447 simul
2085 3397 2343 3449 concident

759 3508 859 3555 me,
905 3490 1197 3557 deleborque
1241 3505 1368 3558 ego,
1414 3496 1461 3540 et
1530 3486 1707 3539 domus
1751 3503 1859 3539 mea
1911 3485 2033 3556 (Id.
2083 3489 2169 3540 54.
2218 3487 2341 3554 50).

760 3584 969 3651 Quippe
1006 3594 1191 3633 omnes
1218 3580 1334 3633 illos
1365 3593 1463 3631 una
1498 3577 1704 3630 finitimi
1736 3586 2047 3641 necassem,
2092 3579 2189 3630 nisi
2227 3578 2345 3630 illo-

761 3690 877 3728 rum
907 3672 1316 3747 indignationem
1347 3669 1434 3723 Dci
1460 3668 1737 3722 clcmcmia
1766 3670 2129 3730 Continuissct,
2168 3669 2348 3722 tinent-

761 3782 862 3836 quc
879 3765 1114 3821 cladibus
1141 3762 1496 3831 imposuisset.
1531 3759 1719 3814 Factus
1742 3770 1832 3825 est;
1859 3762 2048 3834 inquit,
2075 3762 2221 3814 timor
2252 3762 2347 3815 Dei

761 3872 910 3927 super
938 3871 1107 3907 omnes
1148 3869 1234 3921 per
1267 3853 1532 3905 circuitum
1575 3852 1816 3914 civitates,
1869 3869 2024 3919 neque
2065 3854 2347 3921 persequuti

760 3956 873 3999 sunt
918 3954 1025 4014 post
1063 3945 1195 4012 ﬁlios
1242 3940 1405 3995 Israel
1441 3939 1569 4011 (Id.
1603 3943 1691 3997 55.
1717 3942 1810 4013 5).
1866 3941 2001 4009 Quid
2054 3958 2181 4012 ergo
2228 3958 2345 3995 cum

762 4038 862 4091 hoc
901 4045 1044 4090 metu
1086 4035 1337 4088 liberatus
1380 4034 1557 4088 esset?
1602 4050 1725 4087 nmn
1780 4035 1987 4087 tandem
2028 4035 2348 4103 respiravit?

763 4127 872 4181 lmo
898 4142 1023 4180 vero
1043 4136 1165 4179 tunc
1187 4140 1463 4193 supremus
1489 4140 1608 4178 eum
1633 4125 1887 4177 malorum
1905 4125 2141 4177 omnium
2165 4134 2344 4178 vertex

764 4218 971 4279 invasit,
1000 4233 1145 4271 mors
1173 4217 1376 4271 scilicet
1405 4216 1780 4269 amantissimae
1812 4217 2049 4285 conjugis
2077 4229 2128 4271 et
2155 4218 2345 4271 imma-

762 4322 875 4363 tura
907 4311 1061 4363 simul
1089 4318 1141 4362 et
1169 4308 1417 4361 violenta.
1465 4307 1669 4375 Peperit
1695 4308 1846 4373 enim,
1878 4308 2077 4378 inquit,
2120 4308 2311 4363 Rachel
2331 4350 2345 4374 ,

764 4402 1141 4471 parturicnsque
1167 4398 1440 4455 laborabat.
1496 4397 1709 4450 Factum
1737 4408 1806 4450 est
1834 4406 1999 4451 autent
2024 4415 2137 4451 cum
2167 4410 2347 4469 partu-

761 4494 896 4545 riens
930 4491 1313 4561 periclitaretur,
1342 4489 1469 4541 dixit
1499 4488 1575 4541 illi
1600 4488 1835 4541 obstetrix
1863 4504 1884 4541 .'
1914 4488 2123 4557 Con/ide
2142 4530 2156 4553 ,
2189 4498 2233 4541 et
2269 4490 2349 4542 hic

763 4586 895 4637 enim
919 4584 1005 4636 tibi
1026 4583 1162 4651 ﬁlius
1189 4591 1276 4635 est.
1310 4579 1375 4634 Et
1402 4597 1511 4633 cum
1538 4581 1718 4650 eﬁluret
1749 4582 1968 4634 animam
1992 4622 2005 4647 ,
2046 4582 2351 4635 moriebatur

766 4679 917 4741 enim,
942 4675 1129 4727 vocavit
1164 4690 1342 4726 nomen
1378 4674 1508 4742 ejus,
1541 4671 1706 4726 Filius
1746 4673 1935 4727 doloris
1965 4674 2061 4726 mei
2090 4673 2108 4744 (
2134 4673 2266 4726 Ibid.
2298 4691 2345 4727 υ.

769 4768 835 4820 18
858 4774 895 4835 ).
932 4766 1170 4833 Cumque
1195 4763 1368 4817 luctus
1397 4762 1567 4816 adhuc
1593 4777 1779 4817 recens
1808 4771 1967 4827 esset,
1995 4762 2185 4832 adjecit
2213 4778 2349 4817 mte-

766 4858 873 4912 rori
898 4856 1105 4921 Ruben,
1125 4855 1287 4925 patris
1306 4864 1475 4908 torum
1498 4854 1877 4909 contumeliose
1896 4855 2175 4925 impetens.
2199 4855 2349 4923 Quod

768 4950 858 5003 ille
888 4958 992 5001 tam
1022 4946 1261 5016 graviter
1291 4945 1426 5007 tulit,
1458 4953 1517 4999 ut
1544 4944 1777 4999 moriens
1815 4960 2025 5015 quoque
2069 4946 2207 5000 mala
2253 4947 2351 5001 im-

769 5048 1078 5109 precaretur
1106 5035 1212 5090 lilio
1232 5078 1245 5101 ,
1279 5044 1387 5089 tum
1425 5035 1666 5100 scilicet,
1715 5034 1928 5105 quando
1959 5036 2076 5090 ﬁliis
2104 5048 2350 5105 parentes

770 5132 973 5200 majore
1017 5127 1377 5183 misericordia
1424 5127 1558 5181 afﬁci
1599 5137 1990 5183 consueverunt
2032 5128 2186 5198 idque
2229 5143 2350 5182 cum

772 5224 858 5278 ille
889 5221 1266 5293 primogenitns
1291 5229 1430 5275 esset
1466 5219 1701 5273 omnium
1745 5208 1883 5288 quod
1922 5219 2080 5273 etiam
2117 5219 2181 5273 ad
2222 5219 2353 5275 affe-

769 5324 915 5368 ctum
965 5328 1069 5367 non
1118 5326 1305 5381 parum
1335 5310 1493 5365 valet.
1524 5309 1628 5365 Sed
1671 5320 1845 5365 tamen
1892 5308 2006 5364 time
2051 5312 2226 5364 omnia
2270 5314 2352 5367 vis

771 5404 1017 5460 tttmroris
1045 5402 1289 5465 exclusit,
1316 5412 1616 5471 vacansque
1655 5400 1799 5455 illum
1831 5401 1962 5455 dixit
1991 5419 2003 5456 :
2037 5401 2212 5455 Ruben
2242 5404 2350 5472 pri-

769 5494 1052 5566 mogenitus
1075 5509 1229 5556 meus,
1262 5491 1504 5561 fortitudo
1528 5508 1660 5558 mea,
1683 5502 1729 5546 et
1754 5492 1951 5545 initium
1971 5492 2192 5560 ﬁliorum
2219 5509 2352 5546 meo-

771 5602 903 5649 rum,
931 5584 1089 5637 durus
1113 5583 1179 5637 ad
1207 5582 1487 5652 ferendum,
1515 5582 1772 5651 durusque
1798 5590 1845 5635 et
1863 5582 2035 5635 audax
2062 5597 2080 5635 :
2108 5582 2352 5653 iujuriam

768 5674 999 5738 intulisti,
1027 5674 1156 5727 sicut
1183 5688 1315 5741 aqua
1328 5682 1337 5695 ·’
1350 5688 1449 5725 non
1478 5671 1787 5737 elfmescas.
1836 5671 2116 5726 Ascendiin
2144 5674 2275 5727 enim
2301 5674 2352 5727 in

767 5768 929 5822 cubile
952 5766 1109 5837 patris
1135 5766 1236 5835 tui,
1268 5776 1383 5818 tunc
1412 5764 1673 5820 tttttCttlttSll
1700 5775 1935 5831 stratum,
1975 5768 2054 5820 ubi
2080 5769 2346 5822 ascendistt

1467 368 1524 422 5.
1565 365 1841 422 ιολΝΝιδ
1877 359 2357 419 CIIRYSOSTOMI
2397 358 2712 414 ARCIIIEP.
2742 359 3266 416 CONSTANTINOP.

3928 364 4030 418 568

2443 472 2460 539 (
2484 471 2610 525 Gen.
2634 470 2721 525 49.
2746 472 2798 525 5.
2831 473 2918 541 4).
2949 472 3081 525 (Iuni
3111 483 3288 526 autem
3313 471 3628 527 adolevisset
3656 472 4035 525 amantissimze

2442 564 2626 616 uxoris
2658 564 2812 627 lilius,
2843 563 3109 631 solariquc
3136 564 3273 616 illius
3295 564 3619 618 desiderium
3652 564 3810 632 hujus
3838 574 4033 617 contu-

2444 653 2628 708 bernio
2656 665 2911 723 speraret,
2946 662 3069 709 tunc
3095 656 3193 723 ipsi
3224 656 3543 725 nmltiplices
3568 666 3824 727 parantur
3844 672 4038 709 mrum-

2442 761 2542 799 nar.
2564 747 2775 802 Fratres
2791 748 2932 801 enim
2955 748 3093 801 illius
3116 748 3345 801 tunicam
3370 749 3641 802 intinctam
3662 749 3920 817 sanguine
3944 763 4039 816 pa-

2443 839 2507 891 tri
2539 839 2878 893 ostendentes
2904 855 3094 908 magno
3116 840 3263 892 illum
3296 839 3439 892 luctu
3462 839 3822 894 confecerunt.
3855 838 4040 907 Neque

2441 928 2582 981 enim
2606 930 2769 981 solam
2801 929 3011 997 lugebat
3034 938 3280 993 mortem,
3310 928 3402 982 sed
3427 929 3593 997 ipsum
3617 945 3827 998 quoque
3849 928 4041 982 mortis

2441 1036 2605 1088 genus
2622 1038 2634 1072 :
2654 1020 2975 1088 plurimaque
2987 1030 3268 1088 erantqmc
3283 1019 3419 1072 illius
3432 1022 3662 1073 animum
3677 1021 4039 1090 exagitabant.

2441 1109 2579 1177 quiut
2621 1119 2807 1162 amata:
2847 1110 2985 1163 iliius
3023 1110 3179 1174 titius,
3213 1110 3352 1178 quod
3397 1111 3584 1165 melior
3621 1112 3863 1181 reliquis,
3894 1111 4039 1181 quod

2443 1199 2670 1253 maxime
2692 1200 2935 1261 dilectus,
2961 1200 3174 1267 quodin
3206 1201 3319 1269 ipso
3344 1204 3515 1255 :ctatis
3542 1202 3688 1264 ﬂore,
3713 1203 3853 1272 quod
3882 1204 3953 1257 ab
3976 1219 4044 1258 eo

2444 1290 2657 1354 missus,
2687 1291 2825 1359 qttud
2850 1296 3019 1360 neque
3037 1293 3085 1344 in
3104 1291 3284 1356 domo,
3309 1308 3478 1360 neque
3502 1293 3551 1345 in
3570 1292 3727 1359 lecto,
3752 1308 3924 1363 nequc
3944 1310 4042 1362 pa-

2446 1393 2524 1435 tre
2548 1399 2723 1435 coram
2746 1384 3023 1436 35$i>lClth
3044 1425 3056 1446 ,
3085 1400 3257 1453 neque
3278 1384 3457 1438 dicens
3479 1385 3678 1453 aliquid
3710 1396 3762 1439 et
3791 1386 4041 1451 audiens,

2442 1472 2579 1542 quod
2612 1488 2714 1526 non
2743 1474 3010 1536 communi
3037 1486 3208 1527 morte
3233 1476 3490 1540 omnium,
3515 1474 3655 1543 quod
3686 1476 3869 1529 vivens
3898 1490 3928 1527 a
3960 1476 4039 1529 ie-

2443 1580 2619 1619 rarum
2641 1566 2968 1620 immanitate
2992 1566 3292 1635 discerptus
3314 1565 3505 1631 fuerat,
3526 1568 3665 1637 quod
3690 1584 3757 1621 ne
3782 1568 4043 1637 reliquias

2443 1659 2653 1728 quidem
2684 1659 2822 1712 illius
2850 1662 3081 1728 reperire
3103 1667 3312 1728 poterat
3332 1660 3566 1714 ethumo
3586 1659 3815 1715 condere
3847 1677 3858 1711 :
3892 1658 4044 1729 quod

2445 1752 2542 1804 ista
2575 1752 2644 1805 illi
2676 1767 2777 1805 non
2809 1752 2858 1804 in
2891 1751 3168 1820 juventule
3195 1752 3539 1820 cootigisscnt
3560 1793 3575 1817 ,
3604 1752 3816 1821 quando
3848 1753 4049 1806 melius

2446 1843 2583 1897 ferre
2626 1846 2899 1912 potuisset,
2933 1844 3024 1898 sed
3055 1846 3105 1897 in
3136 1853 3411 1899 senectute
3439 1844 3641 1897 ultima.
3678 1844 3912 1912 Eratque
3938 1843 4047 1896 mi-

2444 1935 2727 1987 serandum
2756 1936 2973 1988 omnino
3005 1936 3395 2005 spectaculum,
3424 1934 3605 1987 videre
3630 1948 3793 1987 canos
3821 1935 4048 2002 pulvere

2446 2025 2688 2091 nudatos,
2734 2026 3006 2096 scnilcquc
3054 2036 3237 2095 pectus
3282 2025 3502 2080 discissa
3543 2026 3717 2079 tunica
3762 2025 4043 2088 nudatum,

2448 2118 2780 2186 lamentaque
2815 2118 3148 2171 admittentia
3176 2118 3596 2172 consolationem
3626 2119 3839 2171 nullam.
3876 2118 4047 2172 Scidit

2446 2211 2609 2274 enim,
2644 2209 2844 2277 inquit,
2874 2208 3033 2265 Jacob
3065 2210 3352 2261 restimcuta
3373 2226 3484 2272 sua,
3514 2218 3559 2261 et
3578 2209 3937 2277 circumposuit
3969 2209 4047 2259 ci-

2448 2298 2617 2350 licium
2658 2298 2838 2352 lttntbis
2878 2300 3012 2364 suis,
3056 2298 3348 2369 lugebatquc
3388 2299 3549 2367 ﬁlium
3580 2300 3753 2351 diebus
3784 2300 4045 2368 plurimis.

2447 2390 2743 2462 Congreguti
2771 2402 2887 2443 sunt
2920 2401 3081 2443 autem
3112 2408 3281 2444 omnes
3310 2392 3403 2459 ﬁlii
3433 2392 3541 2461 ejus
3570 2402 3613 2445 et
3643 2392 3787 2459 ﬁliar,
3821 2405 3865 2443 ct
3900 2406 4047 2444 vene-

2446 2492 2563 2535 runt
2606 2482 2857 2535 consolari
2898 2498 3042 2543 cum;
3087 2482 3340 2549 uoluitque
3382 2483 3654 2545 consolari,
3685 2475 3855 2534 dicens
3885 2497 3904 2533 :
3934 2479 4047 2533 De-

2447 2572 2681 2625 scendunt
2711 2573 2777 2623 ad
2808 2572 2969 2639 ﬁlium
3006 2590 3169 2626 meum
3200 2573 3375 2642 lugens
3421 2574 3473 2625 in
3516 2574 3769 2642 infernum
3808 2570 3917 2643 (Id.
3953 2573 4048 2625 '57.

2450 2660 2638 2715 55ρῦἰῴ
2658 2662 2695 2729 ).
2726 2660 2885 2725 Quasi
2906 2662 3307 2730 veropOssibile
3332 2678 3433 2714 non
3465 2673 3605 2716 esset
3637 2677 3828 2714 vacare
3852 2677 3881 2712 a
3912 2677 4051 2714 Inte-

2450 2768 2572 2805 rorc
2605 2752 2839 2805 animum
2874 2752 3057 2820 ipsius,
3089 2766 3209 2805 eum
3245 2753 3495 2821 cmpissct
3530 2766 3592 2805 ea
3631 2752 3781 2821 plaga
3828 2752 4047 2815 curari,

2450 2846 2615 2898 iantes
2643 2845 2812 2898 valida
2842 2845 3151 2897 ineumbens
3171 2886 3185 2910 ,
3222 2854 3521 2913 terramque
3552 2846 3853 2897 universam
3885 2859 4051 2897 occu-

2449 2951 2603 3005 pans,
2636 2937 2863 3004 primum
2891 2936 3102 3005 quidem
3135 2936 3433 2990 vehementi
3475 2936 3620 2989 illum
3666 2952 3899 2990 mmrorc
3928 2946 4048 2990 tur-

2453 3025 2667 3077 baverat
2698 3043 2710 3079 :
2744 3041 2861 3077 cum
2889 3035 3065 3080 autem
3094 3026 3291 3081 reversi
3316 3042 3379 3080 ex
3409 3026 3642 3098 Egypto
3670 3028 3781 3093 lilii,
3814 3028 3891 3081 rei
3931 3027 4051 3081 fru-

2452 3106 2723 3167 nicnlarim
2750 3115 2897 3182 copia
2931 3113 3082 3169 famis
3111 3116 3443 3169 incommoda
3473 3118 3625 3171 solati
3653 3128 3853 3182 CSsent,
3886 3118 4051 3173 aliam

2455 3206 2577 3259 item
2622 3206 2969 3259 Consolationi
3005 3207 3220 3261 mixtam
3248 3208 3449 3261 doloris
3478 3224 3690 3262 causam
3730 3211 4048 3278 attulerunt,

2456 3297 2882 3367 voluptatemque
2905 3341 2917 3363 ,
2947 3314 3102 3367 quam
3135 3316 3200 3352 ex
3230 3300 3383 3353 tinnis
3413 3301 3670 3355 levamine
3697 3302 3889 3355 tulerat
3910 3345 3924 3368 ,
3952 3305 4052 3359 at»

2450 3390 2618 3443 sentia
2644 3390 2729 3443 lilii
2752 3392 3022 3459 premebat
3047 3404 3204 3460 atque
3222 3391 3558 3446 obscurabat.
3578 3392 3755 3461 Neque
3780 3393 3828 3446 id
3851 3394 4053 3461 solum,

2454 3480 2545 3532 sed
2576 3480 2848 3549 Bcnjamin
2880 3481 3047 3549 ipsum
3072 3482 3412 3551 postulabant
3443 3499 3454 3533 :
3490 3498 3594 3552 quo
3620 3483 3705 3538 ille
3736 3485 3889 3537 unico
3917 3485 4055 3538 sota-

2457 3572 2527 3624 tio
2554 3588 2614 3624 ex
2650 3572 2825 3624 uxoris
2866 3572 3132 3624 defuncta:
3168 3581 3221 3625 ct
3259 3587 3287 3624 a
3326 3572 3438 3626 fera
3479 3573 3717 3627 dcvorati
3750 3574 3839 3627 lilii
3881 3575 4055 3629 lenire

2454 3677 2737 3716 tnmrorem
2766 3670 2992 3731 poterat.
3038 3662 3168 3716 Erat
3193 3673 3369 3717 autem
3404 3680 3506 3735 non
3540 3679 3601 3718 ea
3633 3665 3744 3717 sola
3772 3680 3929 3718 causa
3956 3666 4055 3719 de-

2455 3754 2653 3807 tinendi
2688 3754 2959 3823 Benjamin
2996 3769 3197 3821 secum,
3239 3770 3421 3808 verum
3454 3764 3583 3809 (etas
3609 3770 3820 3825 quoque
3852 3767 3904 3810 ct
3935 3757 4053 3825 ipsa

2458 3849 2783 3902 educationis
2815 3849 2971 3902 ratio.
3013 3847 3133 3901 Non
3165 3850 3450 3915 descendet,
3484 3849 3656 3914 enim,
3690 3849 3877 3918 inquit,
3908 3850 4055 3917 ﬁlius

2455 3958 2591 3993 meus
2621 3941 2889 4005 robiscum,
2922 3942 3158 4009 quoniam
3188 3940 3343 4009 frater
3371 3944 3481 4011 ejus
3510 3954 3737 3995 mortuus
3759 3952 3851 4003 cst,
3872 3939 3916 3994 et
3940 3944 4055 4011 ipse

2455 4031 2591 4084 solus
2624 4032 2886 4084 derelictus
2915 4043 3006 4095 est,
3040 4034 3389 4102 contingetque
3428 4034 3573 4087 illiciti
3608 4034 3860 4101 inﬁrmari
3885 4035 3935 4086 in
3964 4037 4051 4087 via

2455 4139 2553 4190 qua
2574 4140 2656 4175 ros
2682 4124 2906 4194 pergilis,
2936 4124 3285 4193 deducetisque
3310 4141 3462 4179 canos
3482 4142 3618 4178 meos
3644 4142 3757 4177 cum
3780 4126 3955 4179 dolore
3979 4128 4052 4180 ad

2458 4214 2645 4283 inferos
2676 4212 2799 4285 (Id.
2830 4213 2919 4267 42.
2954 4215 3081 4285 58).
3114 4215 3351 4292 Primum
3400 4216 3555 4283 igitur
3595 4218 3813 4269 omnino
3856 4234 4045 4273 renue-

2458 4304 2566 4369 bal,
2604 4305 2748 4358 illum
2778 4320 3064 4373 numquam
3095 4320 3151 4359 se
3182 4306 3429 4359 daturum
3458 4321 3701 4361 asserens
3733 4324 3744 4359 :
3770 4322 3890 4360 cum
3918 4323 4052 4363 vero

2457 4396 2922 4451 vehementissima
2946 4396 3113 4451 fames
3128 4407 3358 4467 urgeret,
3379 4398 3710 4469 gravioriquc
3731 4400 4053 4453 necessitate

2459 4497 2779 4557 tangerctur,
2798 4505 3117 4559 quamquam
3147 4490 3366 4542 nimium
3390 4506 3623 4545 mtI‘J‘CltS
3652 4509 3664 4541 :
3701 4490 3837 4557 Quid
3865 4491 4007 4544 enim
4032 4533 4050 4557 ,

2459 4579 2647 4647 inquit,
2670 4596 2747 4631 me
2766 4580 3028 4649 a/flixistis,
3058 4581 3343 4633 nuntiantes
3366 4580 3575 4643 homini,
3597 4582 3733 4649 quod
3761 4591 3886 4633 esset
3911 4580 4053 4634 vobis

2461 4673 2621 4740 frater
2647 4670 2664 4738 (
2692 4666 2776 4722 Id.
2802 4671 2891 4725 45.
2918 4670 3029 4740 6)?
3070 4670 3337 4739 verbaque
3389 4670 3477 4723 illa
3525 4671 3818 4725 miseranda
3854 4673 4050 4741 loquu-

2462 4770 2581 4813 tus:
2613 4759 2825 4829 Josepli,
2866 4762 3142 4831 inquiens,
3176 4778 3279 4814 non
3322 4771 3413 4825 est,
3457 4762 3664 4815 Simeon
3707 4780 3806 4815 non
3847 4774 3955 4830 est,
3998 4772 4053 4817 et

2457 4851 2725 4924 Benjamin
2753 4854 2887 4906 hunc
2916 4854 3216 4907 assumetis?
3253 4855 3305 4907 in
3340 4870 3417 4907 me
3441 4865 3679 4908 venerunt
3707 4856 3801 4908 ista
3832 4858 4002 4908 omnia
4034 4872 4054 4910 :

2458 4944 2643 4998 dolens
2690 4945 2892 5021 scilicet
2936 4944 3075 5013 quod
3126 4953 3245 5014 post
3290 4944 3487 5014 Ioseph
3529 4955 3583 5000 et
3627 4947 3843 5001 Simeon
3889 4947 4052 5001 etiam

2460 5035 2730 5103 Bcnjamin
2754 5051 2784 5089 a
2808 5051 2865 5089 se
2887 5036 3184 5091 niterentur
3200 5038 3450 5102 avellere,
3464 5037 3856 5108 ostendensque
3873 5041 4051 5094 omnia

2459 5140 2517 5180 se
2556 5127 2729 5197 potius
2772 5141 3075 5195 passurum,
3115 5121 3657 5197 quamdimissurum
3686 5143 3715 5182 a
3745 5144 3803 5183 se
3832 5129 3996 5182 tilium
4039 5149 4051 5183 :

2460 5218 2628 5272 victus
2656 5218 2866 5271 tandem
2895 5219 3004 5272 suis
3030 5234 3151 5273 eum
3176 5218 3420 5273 manibus
3447 5218 3697 5285 tradidit,
3727 5219 3911 5274 dicens
3936 5238 3949 5274 :
3985 5217 4056 5274 Et

2459 5313 2665 5378 fratrem
2711 5319 2930 5362 vestrum
2973 5310 3232 5377 assumite,
3278 5320 3633 5381 surgentesque
3670 5312 3956 5365 descendite
3982 5314 4057 5367 ad

2458 5402 2635 5454 uirum.
2672 5399 2807 5455 Deus
2836 5413 3004 5457 autem
3034 5420 3171 5458 meus
3201 5406 3283 5457 det
3310 5404 3446 5458 vobis
3464 5407 3683 5476 gratiam
3708 5407 3761 5459 in
3782 5416 4054 5475 conspectu

2458 5494 2572 5557 uiri,
2603 5495 2893 5564 emittatque
2911 5494 3162 5549 vobiscum
3191 5499 3397 5567 fratrem
3424 5506 3640 5551 vestrum
3668 5514 3826 5550 unum
3850 5508 3896 5550 et
3918 5494 4055 5549 Ben-

2450 5586 2637 5656 jamin.
2662 5584 2771 5657 Ego
2796 5588 2928 5640 enim
2948 5588 3073 5640 sicut
3097 5587 3263 5643 liberis
3282 5588 3484 5642 orbatus
3504 5606 3635 5654 sum,
3656 5590 3823 5644 liberis
3846 5591 4054 5643 orbatus

2459 5693 2570 5730 sum
2608 5674 2767 5748 (Ibid.
2809 5694 2857 5733 υ,
2910 5678 2996 5733 l3.
3026 5679 3145 5749 ll).
3204 5678 3278 5733 Ita
3310 5678 3656 5735 vehementer
3693 5681 3917 5735 summis
3946 5680 4051 5735 illis

2462 5770 2750 5838 angebatur
2776 5770 3142 5835 incommodis,
3176 5780 3233 5826 ut
3259 5770 3551 5827 visceribus
3577 5771 3738 5827 etiam
3768 5770 4051 5843 discerptis
