4264 6312
264 380 374 437 463

300 499 634 565 aulatimque
660 487 949 545 imminutis
983 485 1103 540 ﬁliis
1131 483 1376 538 universa
1403 474 1730 533 deteriorum
1771 484 1861 525 ac-

266 592 515 649 cessione
538 562 808 643 toleraret.
832 581 1030 652 Majore
1050 576 1192 634 enim
1214 590 1279 631 ex
1299 568 1602 642 hujusmodi
1623 562 1863 621 adversis

268 684 459 740 dolore
484 679 805 751 angebatur,
848 688 1004 744 quam
1042 678 1167 725 ante
1204 682 1269 723 ex
1307 661 1527 733 Joseph.
1560 659 1768 728 Quippe
1798 669 1861 709 ea

271 774 567 837 calamitas,
593 783 711 839 qua:
737 766 1017 821 meliorum
1057 774 1152 831 spe
1184 766 1237 814 et
1273 752 1670 825 exspectatione
1693 754 1860 839 caret,

274 864 374 919 etsi
416 837 815 916 vehementiore
843 854 1027 909 dolore
1056 865 1154 906 nos
1183 847 1404 911 cruciat,
1436 842 1525 897 ille
1554 849 1730 895 tamen
1754 837 1868 907 ipse

276 957 430 1012 dolor
454 954 560 1010 cito
585 952 802 1015 lenitur,
828 947 954 1003 dum
985 946 1163 999 animo
1187 936 1489 1010 desperatio
1517 933 1675 1003 hujus
1700 930 1870 985 corri-

276 1045 465 1118 genda:
507 1042 760 1113 ingeritur
792 1056 805 1090 :
834 1053 954 1108 quae
1005 1049 1134 1090 vero
1176 1043 1431 1101 suspensa
1473 1034 1590 1091 est,
1632 1022 1869 1077 animum

279 1110 617 1206 requiescere
643 1146 747 1185 non
773 1129 897 1183 sinit
921 1168 936 1195 ,
969 1125 1265 1191 futurorum
1293 1115 1669 1175 incertitudine
1689 1110 1872 1166 anxie-

282 1204 445 1281 tatem
482 1224 677 1294 jngiter
719 1218 873 1275 nobis
916 1228 1115 1286 augens
1161 1221 1217 1269 et
1268 1222 1528 1266 renovans
1563 1223 1575 1261 :
1606 1204 1763 1273 idque
1805 1215 1870 1254 ex

282 1319 439 1374 beato
477 1293 639 1371 David
667 1312 818 1368 facile
840 1306 1263 1363 animadvertere
1293 1312 1596 1372 possumus,
1631 1293 1719 1365 qui
1749 1306 1870 1346 eum

282 1408 460 1463 adhuc
497 1406 709 1461 vivente
746 1402 1020 1474 plangeret
1061 1396 1191 1457 lilio,
1219 1407 1285 1448 eo
1335 1392 1449 1461 ipso
1491 1387 1702 1443 mortuo
1741 1397 1800 1436 se
1837 1396 1868 1435 a

286 1501 411 1557 ﬂctu
454 1496 716 1553 continuit
755 1512 769 1549 :
810 1490 954 1564 quod
996 1504 1118 1544 cum
1165 1484 1303 1541 servi
1351 1483 1492 1537 illius
1533 1482 1873 1540 mirarentur,

286 1604 608 1659 causamque
634 1587 983 1657 requirerent,
1017 1581 1155 1635 hanc
1187 1577 1356 1648 ipsam
1384 1574 1644 1629 rationem
1674 1569 1876 1637 allega-

287 1682 383 1747 vit,
408 1658 566 1752 quam
596 1693 696 1750 ego
722 1675 899 1732 modo.
929 1673 1118 1729 Merito
1144 1670 1303 1741 igitur
1321 1665 1488 1723 Jacoh
1504 1663 1589 1718 bis
1611 1658 1883 1752 metuebat

288 1748 457 1841 magis
485 1748 650 1839 atque
666 1765 942 1822 tremebat.
975 1760 1081 1817 Sed
1116 1766 1363 1830 aSpcctus
1397 1755 1484 1810 ille
1512 1748 1881 1809 desiderabilis

288 1877 352 1917 ac
373 1840 566 1930 luseph
587 1859 746 1914 facies
760 1856 1086 1926 voluptatem
1113 1850 1188 1906 illi
1213 1858 1267 1907 et
1292 1848 1520 1921 quietem
1542 1840 1878 1916 postmodum

291 1952 536 2022 prtebuit.
591 1950 655 2005 Et
695 1947 823 2018 quid
873 1946 997 2005 inde
1039 1943 1324 2014 voluptatis
1365 1946 1728 2008 consequutus
1768 1933 1882 1989 est?

289 2043 439 2098 Sicut
464 2041 603 2096 enim
626 2037 1097 2098 vehementissimo
1118 2033 1226 2105 igni
1247 2031 1433 2087 adusta
1456 2028 1693 2085 membra
1715 2040 1885 2096 quan-

293 2133 535 2188 tumlibct
575 2131 692 2202 quis
727 2129 1043 2200 refrigerare
1072 2125 1349 2191 moliatur,
1375 2121 1508 2177 nihil
1533 2118 1744 2190 prolicit
1773 2135 1785 2169 :
1810 2115 1885 2171 ita

292 2232 348 2278 et
378 2222 519 2277 illius
549 2230 799 2277 maestum
837 2217 1072 2272 animum
1115 2213 1370 2286 nimiique
1409 2210 1611 2267 doloris
1656 2206 1885 2263 ﬂammis

294 2313 539 2367 adustum
570 2310 701 2367 nihil
729 2318 843 2365 erat
862 2307 1003 2379 quod
1014 2296 1270 2362 recreare
1288 2311 1486 2375 posset,
1505 2300 1740 2356 maxime
1764 2312 1883 2352 cum

295 2418 358 2458 ea
388 2410 541 2457 mute
566 2401 743 2456 nullus
770 2399 879 2454 fere
904 2398 973 2452 sit
1001 2395 1287 2465 voluptatis
1315 2407 1503 2449 sensus
1535 2410 1548 2446 :
1580 2388 1720 2460 quod
1747 2389 1884 2443 Ber-

296 2494 415 2547 zelli
441 2504 699 2547 excusans
722 2489 933 2544 dicebat
973 2488 1039 2541 ad
1084 2485 1245 2541 David
1277 2502 1289 2537 :
1325 2484 1459 2549 Quot
1499 2483 1606 2536 dies
1640 2496 1889 2534 annorum

297 2585 410 2637 rita:
451 2598 572 2635 mea
613 2582 719 2635 illic
766 2590 912 2633 erunt
952 2578 1097 2644 mihi,
1126 2587 1181 2631 ut
1220 2574 1489 2629 ascendam
1529 2589 1646 2627 cum
1683 2588 1799 2641 rege
1835 2570 1889 2623 in

295 2674 620 2729 Jerusalem?
658 2670 706 2725 F
708 2673 826 2727 ilius
855 2671 1107 2742 octoginta
1134 2685 1381 2723 annorum
1401 2684 1512 2721 sum
1541 2665 1729 2729 hodie;
1768 2680 1890 2717 nam

297 2748 580 2820 discernunt
612 2765 742 2819 inter
776 2764 959 2817 bonum
999 2771 1046 2815 et
1088 2761 1217 2815 inter
1252 2760 1481 2814 malum?
1524 2774 1645 2811 num
1669 2755 1890 2827 gustabit

297 2873 467 2912 servus
494 2866 611 2910 tum
632 2871 959 2927 quaecumque
982 2853 1251 2907 comederit
1276 2861 1367 2906 aut
1398 2850 1612 2906 biberit?
1652 2865 1774 2902 num
1799 2865 1892 2901 au-

298 2946 437 3000 diam
456 2946 771 2999 cantantium
791 2945 1011 2999 uirorum
1036 2952 1125 2997 aut
1152 2943 1421 2996 mulierum
1440 2942 1621 2995 voces?
1648 2940 1715 2992 Et
1734 2955 1893 3008 quare

297 3055 469 3093 servus
496 3046 607 3092 tatus
635 3038 801 3108 gravis
826 3037 890 3090 sit
919 3036 1124 3090 domino
1153 3052 1264 3089 meo
1286 3035 1393 3105 regi
1420 3034 1495 3099 (2.
1525 3034 1649 3102 Reg.
1680 3033 1765 3087 l9.
1797 3032 1888 3086 54.

299 3130 425 3201 55)?
471 3128 667 3185 Verum
693 3118 816 3199 quid
845 3127 947 3183 hoc
972 3143 1039 3183 ex
1068 3127 1186 3181 aliis
1212 3126 1549 3195 conjicimus,
1578 3139 1699 3178 cum
1729 3124 1887 3179 liceat

300 3223 471 3291 ipsum
508 3222 691 3276 audire
725 3221 791 3276 de
815 3236 873 3275 se
908 3219 1275 3289 profitentem?
1315 3218 1503 3273 Postea
1551 3217 1692 3272 enim
1732 3232 1890 3286 quam

303 3315 468 3368 tilium
503 3313 725 3378 viderat,
757 3327 786 3366 a
818 3312 1095 3367 Pharaone
1122 3311 1191 3366 de
1219 3311 1340 3364 vitae
1375 3325 1485 3363 sua:
1505 3310 1679 3363 'annis
1722 3309 1890 3362 inter-

300 3413 512 3476 rogatus
539 3424 554 3459 :
585 3403 743 3458 Parvi
782 3414 920 3469 sunt,
952 3402 1141 3473 inquit,
1172 3412 1219 3455 et
1247 3401 1370 3454 mali
1407 3401 1513 3454 dies
1554 3402 1671 3463 mei,
1709 3411 1755 3453 et
1791 3417 1891 3453 non

303 3504 625 3569 pervenerunt
652 3496 719 3548 ad
746 3494 851 3547 dies
878 3502 1077 3564 patrum
1099 3508 1321 3547 meorum
1343 3489 1497 3560 (Gen.
1522 3491 1609 3544 47.
1634 3490 1693 3560 9)
1721 3508 1734 3545 :
1757 3489 1893 3543 adeo

303 3589 537 3642 vivacem
585 3601 763 3641 rerum
801 3594 1071 3656 gestarum
1110 3581 1420 3638 memoriam
1458 3596 1642 3636 secum
1681 3595 1893 3650 semper

301 3679 538 3749 gerebat.
1874 3730 1875 3733 η

376 3772 462 3827 η.
506 3770 609 3825 Sed
637 3770 777 3826 enim
810 3769 946 3823 filius
969 3769 1069 3828 iste
1098 3768 1275 3828 clarus
1302 3782 1354 3826 et
1374 3772 1636 3841 gloriosus
1664 3769 1887 3839 Joseph,

303 3866 453 3937 Cujus
484 3866 815 3921 calamitates
841 3881 946 3920 non
972 3880 1189 3920 suarum
1222 3863 1583 3934 magnitudine
1612 3862 1891 3915 calamita-

306 3970 415 4014 tum
437 3960 676 4029 operuit?
720 3958 922 4030 Nempe
958 3958 1098 4012 enim
1136 3966 1287 4028 pater
1322 3955 1434 4025 ejus
1482 3970 1646 4009 unum
1689 3962 1892 4008 tantum

304 4048 521 4105 fratrem
568 4050 930 4105 insidiatorem
983 4063 1170 4118 passus
1217 4057 1333 4113 est,
1381 4046 1465 4100 hic
1504 4052 1680 4099 autem
1726 4044 1894 4099 multo

305 4143 484 4213 plures
506 4150 695 4212 :atque
722 4141 810 4196 ille
836 4140 1047 4211 quidem
1078 4154 1176 4209 per
1195 4138 1423 4208 priorem
1446 4152 1659 4192 omnem
1680 4146 1892 4191 mtatem

304 4234 358 4287 in
386 4248 591 4287 summa
618 4247 793 4287 rerum
819 4234 971 4301 c0pia
1011 4238 1066 4285 et
1107 4230 1290 4299 requie
1326 4228 1557 4282 nutritus
1586 4237 1699 4292 est;
1731 4227 1816 4281 hic
1841 4228 1892 4281 in

305 4325 529 4379 alienam
575 4340 706 4393 puer
752 4324 1009 4379 adductus
1054 4323 1325 4393 regionem
1374 4320 1579 4376 itineris
1625 4335 1894 4375 {erumnas

307 4417 541 4486 perferre
564 4416 851 4486 cogebatur
882 4433 896 4469 :
929 4430 990 4469 ac
1017 4412 1215 4468 Iacobo
1244 4411 1458 4482 quidem
1484 4410 1669 4466 aderat
1697 4419 1889 4476 mater,

307 4508 525 4563 insidias
546 4508 780 4572 leniens;
814 4505 898 4561 hic
922 4498 1352 4560 adolescentulus
1377 4502 1589 4571 quando
1618 4502 1692 4555 illi
1724 4511 1893 4556 matre

305 4616 439 4669 Opus
480 4608 628 4666 erat,
663 4610 786 4654 tunc
824 4598 1052 4653 maxime
1099 4599 1200 4652 isto
1241 4596 1504 4671 adjutorio
1549 4594 1796 4649 desertus
1839 4601 1896 4648 et

306 4694 589 4748 destitutus
624 4702 725 4747 est.
774 4691 855 4746 Ad
896 4692 1010 4744 haec
1044 4690 1185 4744 Esau
1214 4687 1425 4759 quidem
1455 4701 1620 4756 usque
1648 4685 1715 4739 ad
1741 4699 1893 4739 com-

307 4783 653 4837 minationem
682 4788 881 4835 tantum
910 4780 1166 4835 Jacohum
1196 4777 1513 4848 perterruit;
1558 4785 1612 4830 at
1637 4790 1764 4830 vero
1798 4776 1893 4831 Jo-

307 4874 459 4945 sephi
503 4873 694 4928 fratres
735 4872 952 4928 insidias
993 4872 1045 4926 in
1085 4881 1326 4941 apertum
1349 4884 1481 4939 opus
1512 4868 1894 4938 perduxerunt,

306 4976 469 5035 atque
513 4974 637 5019 ante
682 4950 901 5017 insidias
943 4962 1137 5016 invidia
1187 4961 1438 5015 commoti
1487 4958 1769 5015 detrahere
1821 4959 1895 5014 illi

310 5070 597 5125 numquam
627 5054 982 5109 destiterunt:
1007 5068 1113 5124 quo
1140 5052 1266 5123 quid
1291 5051 1534 5107 acerbius
1559 5065 1677 5106 esse
1704 5052 1889 5121 possit,

306 5161 466 5217 quam
491 5161 585 5201 eos
604 5140 927 5217 quibuscum
963 5144 1169 5199 habitas
1209 5144 1457 5199 inimicos
1494 5142 1641 5213 pati?
1672 5141 1895 5197 'Detule-

307 5246 428 5291 runt
474 5238 606 5291 enim
653 5236 797 5291 illum
843 5236 1050 5290 crimine
1087 5235 1222 5290 malo
1250 5237 1266 5267 ¹
1293 5276 1308 5300 ,
1352 5245 1399 5290 et
1439 5236 1660 5290 uidentes
1702 5236 1837 5303 quod
1864 5253 1897 5291 a

307 5336 451 5399 patre
473 5327 666 5381 ceteris
691 5327 858 5381 liberis
884 5329 989 5383 suis
1024 5328 1138 5398 plus
1176 5327 1491 5399 diligeretur,
1525 5327 1736 5381 oderant
1759 5342 1894 5393 eum,

308 5435 398 5473 nec
418 5428 646 5489 poterant
674 5418 719 5473 ei
742 5419 1009 5491 quicquam
1035 5420 1248 5491 paci/itte
1265 5420 1402 5490 loqui
1433 5418 1594 5490 (Gen.
1613 5420 1702 5475 37.
1720 5418 1776 5473 2.
1802 5420 1837 5474 4
1855 5422 1895 5487 ).

310 5521 504 5592 Neque
529 5518 674 5574 enim
694 5559 711 5584 ,
742 5516 889 5587 quod
937 5517 1040 5571 sub
1085 5511 1486 5583 negotiatorum
1522 5512 1767 5582 regiique
1795 5525 1899 5566 eu-

318 5612 485 5670 nuchi
520 5626 686 5666 manu
736 5606 877 5676 fuit,
925 5615 1033 5661 tam
1065 5619 1233 5676 grave
1279 5601 1356 5658 illi
1400 5601 1573 5658 fuisse
1604 5600 1839 5658 dixerim
1883 5620 1897 5657 :

374 5758 389 5817 ξ
426 5757 495 5806 sic
516 5758 564 5805 in
580 5763 687 5806 LXX
712 5756 1063 5817 Interpretibus
1085 5754 1294 5817 legitur;
1318 5766 1462 5803 secus
1486 5755 1533 5805 in
1550 5754 1753 5807 Hebraeo
1774 5762 1825 5807 et
1845 5755 1895 5805 in

312 5815 526 5882 vulgata,
548 5818 631 5869 ubi
652 5819 828 5882 .toseph
844 5815 1020 5869 fratres
1041 5815 1292 5868 accusasse
1313 5816 1500 5867 dicitur.

1132 369 1223 426 AD
1262 360 1639 425 STAGIRIUM
1680 361 1721 414 Α
1766 352 2067 412 omnem:
2113 352 2460 409 \‘EXATUM.
2512 334 2639 403 LIB.
2678 343 2745 399 ll.

3460 333 3564 388 470

1962 470 2135 525 multo
2160 466 2309 521 enim
2343 464 2667 517 clementius
2696 458 2790 511 illo
2821 456 2904 512 usi
2934 460 3093 520 sunt,
3125 469 3289 523 quam
3326 454 3547 512 fratres.

2037 553 2250 625 Iosephi
2273 553 2502 623 exenrpto
2526 530 2794 605 utitu'r.—
2820 548 3068 607 Altamen
3116 561 3186 603 ne
3225 546 3303 600 sic
3341 544 3558 615 quidem

1969 648 2167 719 quievit
2193 646 2551 702 calamitatum
2575 659 2714 699 saeva
2744 642 2933 707 hiems,
2970 640 3166 712 quippe
3191 637 3563 694 vehementior

1971 741 2201 811 procella
2224 741 2432 795 irruens
2459 740 2629 809 ipsum
2658 750 2841 792 rursus
2865 732 2976 789 fere
3004 732 3281 790 demersit.
3310 730 3561 785 Fortasse

1974 850 2059 890 me
2087 833 2349 905 quispiam
2394 832 2497 887 hoc
2536 830 2587 885 in
2622 829 2751 884 loco
2789 826 3010 882 insidias
3035 825 3268 879 domina:
3295 821 3563 877 dicturum

1973 924 2271 988 existimet;
2317 937 2417 993 ego
2453 936 2583 976 vero
2621 928 2743 974 ante
2778 933 2896 975 eam
2940 930 3154 987 quoque
3196 920 3566 986 tempestatem

1975 1015 2133 1068 aliam
2161 1015 2439 1069 suaviorem
2466 1012 2657 1066 dicam.
2686 1010 2859 1066 Grave
2879 1006 3117 1079 quidem,
3147 1022 3207 1061 re
3233 1018 3353 1059 vera
3379 1017 3564 1074 grave,

1976 1104 2270 1178 calumnias
2310 1102 2613 1173 hujusmodi
2661 1100 2942 1157 criminum
2982 1097 3087 1168 pati
3117 1096 3487 1166 damnarique,
3516 1103 3569 1149 et

1978 1200 2386 1251 carcerem'tam
2419 1192 2629 1263 prolixo
2656 1200 2894 1260 tempore
2924 1188 3158 1243 incolere
3188 1201 3413 1257 puerum
3445 1185 3570 1240 libe-

1978 1302 2119 1354 rum,
2144 1285 2398 1352 nobilem,
2421 1284 2643 1355 ejusque
2665 1281 2998 1337 necessitatis
3019 1279 3273 1360 hactenus
3299 1279 3570 1349 ignarum,

1980 1376 2073 1431 sed
2102 1391 2232 1431 sane
2259 1375 2474 1446 gravius
2504 1373 2587 1429 his
2617 1371 2866 1427 omnibus
2896 1371 2970 1425 illi
3000 1371 3173 1424 visum
3200 1378 3349 1440 puto,
3381 1368 3572 1423 ﬂuctus

1981 1470 2153 1525 mtatis
2181 1467 2594 1545 compescuisse.
2625 1465 2680 1521 Si
2709 1452 2851 1521 enim
2883 1464 3029 1519 nulla
3058 1461 3301 1534 ﬂagranti
3323 1461 3569 1530 concupi-

1982 1563 2183 1618 scentia
2210 1570 2389 1616 motus
2422 1560 2561 1616 illius
2590 1572 2802 1613 amores
2831 1556 3222 1626 blanditiasque
3258 1554 3573 1623 respuisset,

1983 1669 2091 1708 non
2132 1651 2260 1708 mihi
2291 1651 2360 1705 ita
2386 1647 2684 1705 laudandus
2720 1656 2879 1718 atque
2908 1645 3254 1701 admirandus
3278 1643 3573 1708 videretur,

1982 1744 2178 1801 Christi
2207 1743 2411 1800 scilicet
2430 1740 2707 1798 sententia:
2727 1737 2985 1795 credenti.
3013 1736 3194 1808 Neque
3214 1736 3357 1791 enim
3380 1736 3467 1791 ille
3486 1748 3574 1790 eos

1984 1837 2074 1909 qni
2100 1846 2287 1891 natura
2308 1834 2433 1889 sunt
2459 1831 2710 1895 eunuchi,
2731 1830 2828 1887 sed
2848 1830 2937 1900 qui
2963 1829 3170 1898 seipsos
3185 1835 3576 1893 castraverunt,

1986 1929 2176 2011 dignos
2221 1942 2385 1998 regno
2425 1926 2677 1982 ctelorum
2718 1923 2852 1978 dixit
2901 1920 3131 1994 (Matth.
3178 1920 3264 1975 l9.
3318 1917 3442 1991 12).
3485 1918 3580 1975 Sin

1986 2034 2115 2075 vero
2140 2033 2327 2084 secus,
2359 2032 2519 2088 quam
2550 2016 2641 2071 ille
2671 2014 2948 2091 victoriam
2980 2010 3291 2068 retulisset?
3324 2011 3583 2066 adversus

1987 2126 2147 2183 quem
2187 2109 2446 2165 dimicans
2482 2121 2739 2164 coronam
2785 2103 3116 2175 reportaret?
3157 2117 3389 2174 quonam
3430 2105 3585 2158 hoste

1989 2211 2244 2275 snperato
2287 2202 2460 2257 victor
2501 2199 2957 2271 proclamaretur,
3001 2196 3047 2253 si
3093 2197 3268 2253 nullus
3310 2205 3454 2252 esset
3494 2196 3586 2267 qui

1989 2294 2374 2359 obluctaretur,
2400 2308 2630 2363 eumque
2661 2291 2920 2347 niteretur
2938 2288 3206 2358 dejicere?
3235 2288 3415 2360 Neque
3441 2290 3585 2343 enim

1990 2400 2083 2441 eos
2108 2383 2199 2456 qui
2227 2383 2676 2439 ab'animantium
2711 2382 2853 2439 coitu
2893 2380 3299 2447 abstinuerunt,
3323 2378 3588 2435 castitatis

1990 2476 2200 2531 ratione
2229 2474 2581 2545 praedicamus
2600 2516 2614 2540 ,
2642 2473 2784 2545 quod
2824 2479 3029 2528 naturae
3068 2472 3225 2527 insita
3256 2486 3362 2526 non
3393 2471 3463 2525 sit
3490 2469 3585 2523 hu-

1987 2566 2221 2637 jusmodi
2248 2566 2701 2636 concupiscentia.
2726 2566 2780 2620 Si
2804 2564 2963 2635 igitur
2984 2564 3141 2619 beato
3163 2563 3235 2617 illi
3258 2561 3588 2618 adolescenti

1990 2659 2253 2730 ejusmodi
2284 2659 2420 2729 ignis
2450 2659 2579 2713 nihil
2608 2658 2864 2713 molestus
2883 2656 3000 2722 fuit,
3025 2657 3151 2728 quid
3172 2666 3254 2711 est
3280 2655 3420 2726 quod
3447 2655 3589 2710 illius

1991 2750 2291 2806 castitatem
2319 2750 2389 2803 ita
2421 2748 2781 2803 admiramur?
2826 2747 2978 2816 Quod
3020 2748 3063 2802 si
3097 2761 3164 2802 eo
3189 2757 3451 2816 tempore,
3482 2760 3589 2816 quo

1992 2843 2363 2900 vehementius
2389 2840 2697 2912 hujusmodi
2738 2841 2955 2896 ﬂamma
2993 2841 3334 2897 succenditur
3360 2842 3590 2912 (agebat

1992 2936 2188 3005 quippe
2217 2943 2340 2989 tunc
2361 2934 2677 3003 vigesimum
2703 2933 2875 2988 astatis
2896 2930 3152 3005 annum),
3183 2940 3237 2987 et
3273 2948 3394 2988 cum
3432 2933 3595 2991 nullis

1993 3025 2222 3080 admotis
2253 3025 2370 3079 aliis
2398 3024 2645 3079 fomentis
2674 3022 3021 3077 intolerabilis
3052 3038 3147 3092 per
3174 3038 3233 3078 se
3261 3035 3344 3079 est
3370 3025 3471 3079 ista
3486 3024 3589 3093 vis,

1996 3125 2123 3170 tunc
2161 3114 2396 3169 maxime
2426 3113 2692 3183 impudica
2722 3112 2912 3167 mulier
2932 3112 3235 3168 castissimo
3264 3112 3592 3169 adulescenti

1996 3205 2239 3260 insidiata
2268 3214 2371 3270 est,
2396 3213 2601 3259 tantum
2628 3203 2752 3258 huic
2779 3202 3009 3257 ﬂamma:
3035 3202 3227 3257 virium
3252 3219 3318 3258 ex
3342 3204 3455 3259 suis
3476 3204 3593 3260 ille-

1995 3298 2168 3353 cebris
2194 3308 2247 3352 et
2275 3296 2603 3352 ornamentis
2630 3295 2889 3365 adjiciens
2908 3336 2923 3361 ,
2962 3303 3218 3364 quantum
3249 3295 3319 3349 illi
3348 3305 3466 3350 erat
3495 3311 3594 3365 per

1998 3400 2239 3443 naturam
2271 3407 2284 3443 :
2316 3387 2435 3457 quis
2468 3387 2581 3457 jam
2627 3395 2737 3440 tum
2783 3386 2927 3442 illius
2972 3385 3184 3453 ﬂuctus,
3239 3388 3517 3442 tumultus.
3540 3396 3594 3440 et

1993 3478 2316 3535 anxietatem
2336 3492 2588 3533 enarrare
2609 3476 2857 3553 sufficiat,
2883 3498 3003 3542 eum
3030 3489 3351 3547 intrinsecus
3378 3493 3593 3563 quidem

1994 3580 2050 3626 et
2072 3582 2270 3631 natura
2295 3575 2444 3634 illum
2489 3587 2543 3636 et
2586 3589 2715 3634 retas
2759 3582 3153 3649 perturbarent,
3199 3598 3394 3655 arsque
3423 3585 3564 3659 Egy

1994 3672 2123 3742 ptia:
2149 3673 2483 3728 extrinsecus
2505 3672 2798 3743 pelliceret,
2829 3673 3074 3743 istudque
3102 3690 3207 3728 non
3242 3691 3349 3730 uno
3375 3676 3480 3742 die,
3510 3679 3595 3735 vel

1998 3762 2225 3827 duobus,
2241 3764 2335 3818 sed
2358 3763 2585 3833 plurimo
2608 3771 2848 3833 tempore
2869 3762 3164 3833 perferret?
3191 3764 3451 3836 Equidem
3473 3783 3596 3823 reor

2000 3853 2174 3923 ipsum
2204 3861 2329 3909 tunc
2364 3868 2469 3907 non
2504 3853 2602 3908 sibi
2642 3862 2845 3907 tantum
2879 3855 3119 3909 timuisse
3144 3896 3159 3921 ,
3199 3856 3293 3911 sed
3323 3857 3397 3910 illi
3429 3859 3591 3915 etiam

2000 3943 2330 4010 indoluisse,
2376 3942 2518 4013 quod
2562 3941 2629 3997 ad
2674 3951 2876 3998 tantum
2918 3944 3268 4015 praecipitium
3314 3950 3597 4017 pervenire

1998 4031 2298 4088 festinaret.
2342 4034 2514 4103 Atque
2552 4031 2681 4087 illud
2719 4048 2786 4087 ex
2821 4032 2998 4088 verbis
3032 4050 3151 4104 quae
3189 4036 3396 4092 mulieri
3439 4039 3592 4107 plena

2001 4128 2276 4183 modestizn
2321 4126 2598 4197 respondit
2640 4126 2793 4182 nobis
2832 4137 3079 4182 constare
3122 4130 3338 4199 pmerit.
3381 4131 3595 4186 Etenim

2001 4217 2194 4274 licebat
2240 4218 2313 4272 illi
2355 4216 2615 4288 profecto,
2649 4218 2693 4272 si
2720 4217 3015 4283 voluisset,
3057 4227 3112 4273 et
3153 4222 3595 4279 contumeliosius

2001 4321 2056 4367 et
2094 4311 2346 4366 audacius
2372 4310 2436 4364 ad
2467 4311 2606 4364 illam
2639 4311 2813 4381 loqui,
2846 4311 3109 4379 siquidem
3136 4312 3219 4366 illa
3247 4328 3342 4384 per
3373 4315 3590 4370 nimiam

2002 4404 2201 4457 amoris
2230 4403 2335 4455 vim
2368 4402 2520 4456 facile
2550 4410 2739 4456 cuncta
2778 4402 3086 4469 tolerasset;
3121 4420 3303 4459 verum
3330 4406 3459 4462 nihil
3498 4409 3600 4463 hn-

1999 4493 2231 4564 jusmodi
2264 4493 2515 4561 loquutus
2544 4501 2626 4547 est
2655 4494 3037 4562 autcngitavit,
3066 4493 3159 4549 sed
3189 4496 3287 4565 piis
3313 4499 3594 4567 cogitatio-

2004 4586 2160 4640 nibus
2189 4584 2419 4639 admetis
2457 4600 2520 4639 ea
2562 4585 2897 4639 solummodo
2936 4585 3188 4655 loquutus
3223 4598 3325 4653 est,
3358 4604 3450 4658 per
3475 4607 3595 4661 quae

2004 4676 2225 4747 putabat
2267 4670 2409 4730 illam
2453 4692 2610 4745 posse
2640 4674 2843 4744 pudore
2872 4675 3009 4730 affici
3036 4716 3051 4741 ,
3094 4678 3331 4748 nihilque
3368 4682 3597 4751 amplius

2005 4769 2218 4838 adjecit.
2250 4766 2407 4835 Ecce,
2438 4768 2603 4831 enim,
2634 4767 2833 4837 inquit,
2862 4768 3097 4822 dominus
3122 4786 3261 4823 meus
3285 4783 3492 4842 propter
3516 4790 3598 4828 me

2004 4861 2135 4916 nihil
2158 4862 2251 4916 scit
2275 4877 2451 4915 eorum
2474 4876 2588 4932 qua:
2619 4870 2735 4914 sunt
2767 4861 2819 4914 in
2857 4861 3007 4916 domo
3041 4879 3132 4916 sua
3158 4878 3179 4916 :
3208 4872 3255 4917 et
3289 4865 3461 4918 omnia
3488 4882 3601 4934 qua!

2002 4969 2095 5007 sua
2120 4960 2233 5007 sunt
2262 4952 2403 5009 dedit
2427 4952 2480 5006 in
2510 4968 2664 5006 manu
2693 4968 2821 5017 mea,
2855 4951 3082 5024 nihilque
3109 4953 3164 5007 in
3193 4954 3343 5009 domo
3365 4973 3463 5011 sua
3482 4959 3601 5027 plus

2006 5044 2151 5098 habet
2175 5060 2328 5115 quam
2352 5060 2442 5115 ego
2470 5058 2488 5098 .°
2517 5060 2675 5115 neque
2697 5044 2893 5113 aliquid
2919 5044 3054 5115 quod
3082 5062 3182 5100 non
3208 5046 3400 5102 dederit
3422 5048 3476 5103 in
3502 5066 3599 5119 po-

2007 5146 2183 5191 testate
2216 5152 2327 5189 mea
2361 5144 2542 5206 printer
2571 5145 2638 5201 te,
2671 5151 2728 5189 eo
2756 5136 2891 5205 quod
2920 5152 3051 5190 uxor
3074 5136 3216 5190 illius
3251 5139 3321 5192 eis
3342 5154 3363 5193 :
3386 5148 3432 5193 et
3470 5156 3598 5209 quo-

2006 5229 2154 5282 modo
2181 5229 2367 5297 faciant
2394 5228 2487 5283 hoc
2509 5227 2710 5283 verbum
2734 5228 2944 5296 malum,
2974 5236 3031 5281 ut
3061 5244 3259 5297 peccem
3283 5244 3461 5284 coram
3491 5229 3600 5287 Deo

2006 5318 2169 5389 (Gen.
2212 5319 2301 5374 59.
2336 5320 2389 5375 5.
2423 5318 2534 5391 9)?
2573 5320 2638 5374 Et
2680 5328 2857 5374 tamen
2902 5326 3022 5388 post
3051 5326 3251 5391 tantam
3282 5317 3597 5377 modestiam

2005 5421 2257 5483 tantaque
2298 5411 2559 5467 castitatis
2602 5411 2795 5467 indicia
2840 5410 2958 5467 falsi
2996 5390 3237 5472 criminis
3277 5412 3602 5469 calumniam

2007 5504 2221 5568 subivit,
2246 5504 2491 5575 Deusque
2515 5502 2655 5559 istud
2684 5502 2801 5559 fieri
2828 5502 3091 5573 permisit.
3119 5500 3343 5558 Vinctus
3368 5513 3471 5569 est,
3503 5520 3604 5561 nec

2004 5604 2082 5659 sic
2109 5599 2346 5674 prodidit
2366 5597 2586 5655 insidias
2614 5595 2973 5668 injustamque
2994 5594 3235 5651 mulieris
3254 5596 3596 5652 calumniam.

2005 5692 2231 5749 Volebat
2259 5691 2403 5746 enim
2443 5688 2743 5760 copiosiora
2786 5686 3009 5758 prtemia
3047 5700 3382 5758 coronasque
3406 5686 3600 5744 clario-

2003 5798 2090 5840 res
2121 5798 2452 5855 prteparare,
2483 5790 2640 5853 atque
2682 5779 2803 5837 ideo
2838 5778 2967 5850 ipsis
2997 5794 3209 5853 quoque
3237 5782 3407 5838 servis
3444 5785 3602 5854 regiis
