4264 6312
683 263 777 320 4η

678 377 914 433 dimissis
964 377 1076 447 ipse
1118 376 1357 434 inclusus
1400 382 1795 450 perseverabat.
1847 376 1927 437 'l'u
1973 384 2095 437 nolo
2139 384 2266 438 mihi

678 468 914 524 custodis
939 470 1278 526 clementiam
1304 470 1524 541 objicias
1550 514 1565 538 ,
1602 484 1787 528 veram
1816 474 1979 543 ipsius
2004 474 2160 530 verba
2186 476 2267 528 «Ιὶ-

680 558 925 628 ligentius
954 562 1235 616 examines
1255 603 1268 627 ,
1299 571 1351 616 et
1381 561 1632 632 inspicies
1658 564 1815 617 animi
1848 564 2102 619 dolorem.
2137 559 2265 619 Nam

674 663 796 702 cum
840 652 1107 705 somnium
1160 654 1538 723 interpretatus
1591 660 1755 720 eSSet,
1803 656 1951 725 regio
2000 657 2265 725 piuceruze

674 739 807 792 dixit
852 740 991 794 :Sed
1020 742 1263 796 memento
1288 744 1384 797 met
1413 752 1503 812 per
1528 744 1866 813 temetipsum,
1896 762 2008 798 cum
2036 745 2122 798 tibi
2145 747 2265 800 bene

676 830 848 898 fuerit,
890 830 1145 901 {aciesque
1181 848 1334 903 super
1374 849 1454 887 me
1489 835 1905 900 misericordiam,
1946 846 1993 889 et
2031 848 2262 908 suggere:

675 917 938 973 Pharaoni
977 920 1040 974 de
1079 938 1176 986 me,
1220 935 1266 975 et
1312 923 1493 977 educes
1532 934 1611 977 me
1654 925 1717 978 de
1757 936 1955 978 carcere
1995 928 2112 994 isto,
2145 929 2261 998 quia

670 1010 807 1078 furto
836 1011 1063 1066 sublatus
1085 1030 1195 1066 sum
1223 1014 1286 1067 de
1311 1022 1443 1067 terra
1470 999 1798 1069 Hebra'ormn
1820 1032 1838 1070 :
1861 1027 1906 1070 et
1934 1018 2015 1071 lu'c
2039 1035 2137 1071 non
2164 1022 2262 1089 feci

667 1104 954 1173 quicquam,
975 1104 1063 1157 sed
1082 1106 1395 1160 innocentem
1416 1107 1691 1176 injecerunt
1715 1123 1791 1160 me
1811 1108 1861 1161 in
1887 1108 2090 1161 domum
2119 1108 2260 1163 latus

667 1193 819 1263 hujus
848 1193 1008 1264 (Gen.
1038 1195 1127 1250 40.
1160 1196 1245 1251 14.
1282 1196 1427 1267 15)..
1449 1197 1561 1252 Etsi
1592 1200 1733 1252 enim
1763 1199 1995 1253 claustra
2027 1201 2258 1255 carceris

663 1286 820 1340 facile
850 1287 1074 1354 ferebat,
1104 1305 1224 1344 cum
1253 1290 1332 1345 eis
1362 1290 1663 1347 hominibus
1687 1293 1885 1358 vivere,
1916 1290 2039 1362 puta
2077 1295 2256 1363 sepul-

669 1388 883 1431 crormn
909 1378 1272 1447 violatoribus,
1298 1380 1520 1447 furibus,
1540 1382 1835 1451 parricidis,
1858 1384 2134 1450 adulteris,
2161 1385 2257 1439 ho-

665 1463 873 1520 mieidis
902 1467 1018 1537 (his
1048 1470 1188 1524 enim
1220 1479 1379 1540 atque
1407 1470 1708 1542 hujusmodi
1737 1472 1948 1540 plenum
1980 1470 2094 1528 erat
2124 1474 2253 1529 illud

663 1556 1023 1612 habitaculum
1047 1560 1095 1628 ),
1124 1562 1337 1629 gravius
1368 1555 1474 1616 illis
1504 1576 1566 1617 ac
1593 1563 1867 1617 molestius
1893 1572 2026 1617 erat.
2068 1562 2252 1635 Neque

663 1645 715 1700 id
762 1647 968 1715 solum,
1012 1649 1103 1703 scd
1142 1650 1281 1719 quod
1325 1651 1580 1720 plurimos
1624 1652 1919 1708 intueretur
1958 1654 2152 1708 frustra
2201 1666 2255 1708 et

663 1740 892 1794 inaniter
921 1740 1028 1794 illic
1057 1743 1314 1805 macerari
1344 1753 1398 1797 et
1418 1743 1627 1797 confici.
1660 1742 1764 1798 Sed
1797 1754 1995 1812 tamen,
2027 1738 2079 1799 id
2109 1745 2251 1816 quod

660 1838 767 1884 tute
794 1830 951 1885 modo
976 1832 1218 1901 quereris
1237 1873 1253 1899 ,
1284 1848 1468 1888 servus
1498 1834 1712 1905 quidem
1736 1836 1961 1890 vinculis
1982 1838 2216 1907 eripicba
2248 1875 2251 1879 ν

657 1932 765 1987 tur,
787 1922 919 1977 liber
939 1934 1116 1978 autem
1147 1925 1197 1979 iu
1226 1927 1480 1982 :erunmis
1507 1928 1844 1996 persistebat.
1874 1929 2025 1997 Quod
2055 1946 2099 1985 St
2131 1932 2251 2001 quis

656 2014 808 2084 regni
858 2016 1180 2071 mentionem
1226 2016 1423 2080 faciat,
1477 2019 1561 2075 hic
1601 2020 1729 2074 mihi
1775 2037 1959 2076 rursus
2000 2038 2247 2078 curarum

654 2119 903 2169 examen,
937 2107 1231 2177 vigiliarum
1257 2118 1312 2163 et
1338 2110 1483 2165 mille
1522 2113 1861 2181 negotiorum
1900 2112 2243 2170 difﬁcultates

1430 265 1482 322 S.
1514 255 1791 323 JOANNIS
1828 265 2298 330 CHRYSOSTOMI
2338 272 2653 332 ARCIIIEP.
2686 274 3226 338 CUNSTANTINOP.

3871 295 3979 350 672

2378 385 2431 440 in
2460 386 2691 443 medium
2714 382 2972 448 adducet:
2997 409 3114 464 qua:
3140 396 3315 450 omnia
3343 397 3405 453 iis
3432 396 3519 470 qui
3550 402 3779 471 quietam
3803 408 3979 460 euris-

2374 494 2479 547 que
2504 495 2723 535 vacuam
2756 484 2915 537 vitam
2941 486 3185 556 diligunt,
3207 504 3310 543 non
3334 489 3551 545 nimium
3568 494 3799 562 jucunda
3822 511 3970 552 sunt.

2374 569 2639 626 Praeterea
2669 574 2865 628 sanctis
2896 575 2997 630 illis
3024 578 3237 646 quidem
3261 582 3304 633 si
3327 581 3449 651 quid
3480 583 3655 638 la'tum
3683 588 3969 657 continge-

2372 658 2481 726 bat,
2515 663 2706 717 tnirum
2741 667 2975 734 profecto
3010 684 3113 722 non
3146 682 3261 725 erat
3285 712 3301 736 ,
3336 688 3457 727 cum
3495 676 3720 731 necdum
3746 679 3969 733 crelestn

2371 766 2590 821 regnum
2627 755 2839 824 planum
2868 768 2920 812 et
2949 770 3193 829 apertum
3222 775 3385 830 esset,
3414 783 3511 821 nec
3535 767 3830 823 futurorum
3872 768 3975 821 bo-

2370 859 2559 898 norum
2591 850 2876 914 promissio
2903 852 3183 909 manifesta
3218 874 3230 908 :
3260 873 3400 912 nunc
3423 874 3547 933 vero
3574 860 3789 929 quando
3814 872 3972 920 tanta

2368 931 2628 990 honorum
2657 940 2808 1009 copia
2836 946 3183 1012 proponitur,
3214 962 3405 1017 resque
3432 931 3647 1004 eunetis
3677 948 3964 1005 manichta

2366 1037 2468 1094 est,
2502 1029 2808 1099 audebitne,
2837 1029 3081 1102 obsecro,
3111 1038 3220 1106 jam
3264 1040 3528 1109 quispiam
3569 1034 3781 1110 dolere,
3821 1044 3866 1098 si
3910 1038 3965 1098 in

2367 1122 2614 1188 pra>scnti
2648 1124 2752 1177 vita
2775 1124 3025 1193 jncundis
3066 1129 3226 1184 nullis
3269 1130 3590 1199 perfruatur,
3620 1143 3709 1185 ant
3742 1150 3964 1201 prorsus

2366 1202 2417 1264 in
2450 1212 2547 1266 hac
2576 1216 2677 1268 vita
2705 1215 2860 1271 dulce
2894 1218 3090 1287 aliquid
3128 1220 3452 1275 existimabit
3476 1222 3563 1291 qui
3594 1223 3678 1276 illa
3712 1226 3965 1278 noverit?

2366 1301 2430 1354 Et
2470 1302 2596 1370 quid
2640 1303 2741 1359 hoc
2778 1307 2959 1361 animo
2984 1309 3087 1362 dici
3115 1310 3374 1379 abjectins
3401 1321 3609 1380 potest,
3642 1316 3707 1377 si,
3731 1329 3959 1382 sperans

2365 1394 2524 1459 paulo
2547 1396 2664 1462 post
2694 1397 2744 1449 in
2768 1396 2956 1452 cadum
2986 1415 3043 1454 se
3070 1399 3439 1470 migraturum,
3471 1404 3625 1471 hujus
3653 1406 3834 1458 mundi
3861 1422 3951 1461 rc-

2361 1483 2543 1551 quiem
2589 1486 2819 1556 inquirat
2846 1505 2908 1543 ac
2935 1487 3341 1562 prosperitatum
3377 1495 3559 1549 umbra
3588 1497 3725 1550 nulla
3764 1490 3960 1552 melio-

2362 1574 2515 1626 rem?
2554 1572 2763 1631 Vanitas
2791 1580 2932 1634 enim
2962 1582 3259 1647 uanitatum,
3293 1584 3482 1654 inquit,
3516 1595 3563 1639 et
3605 1587 3775 1640 omnia
3814 1593 3961 1641 rani-

2362 1673 2437 1716 tas
2468 1663 2663 1731 (Eccle.
2684 1663 2826 1737 1.2).
2869 1669 3017 1737 Quod
3046 1671 3092 1727 si
3126 1673 3200 1740 is,
3232 1676 3320 1744 qni
3351 1679 3626 1744 prmsentis
3657 1679 3775 1732 vita:
3806 1672 3959 1733 volu-

2362 1763 2532 1822 ptates
2574 1771 2681 1825 prie
2717 1760 2927 1814 cmteris
2968 1761 3273 1821 hominibus
3306 1764 3477 1822 fuerat
3506 1780 3785 1838 expertus,
3818 1764 3961 1826 hanc

2358 1845 2614 1900 adversus
2658 1847 2778 1903 illas
2817 1852 3134 1915 sententiam
3166 1855 3305 1919 tulit,
3332 1858 3498 1911 multo
3539 1860 3705 1928 magis
3748 1876 3846 1913 nos
3880 1858 3957 1915 ita

2359 1933 2498 1989 afﬁci
2543 1945 2597 1990 ct
2638 1939 2836 1993 sentire
2874 1944 3360 2014 convenit,.quibus
3401 1948 3529 2001 nihil
3561 1958 3640 2003 est
3667 1965 3959 2007 commune

2357 2042 2476 2082 cum
2518 2037 2679 2095 terra,
2715 2032 3012 2104 quibusque
3057 2036 3108 2089 in
3152 2052 3380 2106 superna
3422 2040 3692 2110 inscriptis
3730 2042 3956 2099 civitate

2361 2128 2637 2192 totamque
2664 2122 2791 2178 illuc
2819 2136 3052 2180 mentem
3082 2131 3371 2186 transferre
3390 2131 3598 2200 jussum
3630 2141 3729 2187 est.

656 2237 3946 2288 ____.._____________________________

1018 2330 1947 2479 EJUSDEM
2037 2336 2321 2481 AD
2426 2341 3550 2500 STAGIBIUM

1964 2569 2071 2631 DE
2114 2571 2523 2639 TRISTITIA
2576 2579 2617 2639 ¹.

1698 2707 2174 2815 LIBER
2263 2714 2988 2832 TERTIUS.

2068 2922 2487 2968 *νυοὺς-κη-

719 3026 769 3081 i.
801 3024 1058 3081 Snfiiccre
1086 3024 1302 3096 quidem
1335 3031 1578 3094 poterant
1608 3040 1670 3081 ea
1697 3041 1815 3097 qua:
1849 3026 1988 3080 dicta
2018 3039 2141 3083 sunt
2165 3032 2232 3086 ad

645 3116 1082 3188 exstinguendam
1111 3119 1361 3172 mmroris
1390 3116 1657 3171 ﬂammam
1680 3162 1693 3182 ,
1721 3128 1881 3188 atque
1909 3123 2237 3190 persuaden-

644 3210 771 3265 dum
811 3210 1033 3266 meliore
1060 3225 1123 3264 ac
1161 3210 1527 3279 tranquilliore
1556 3224 1677 3265 esse
1708 3212 1887 3267 animo
1920 3232 1933 3267 :
1969 3231 2149 3270 verum
2184 3227 2241 3270 ut

642 3302 940 3358 consolatio
966 3302 1037 3356 sit
1063 3301 1399 3367 cumulatior,
1430 3311 1483 3354 et
1510 3300 1649 3356 hunc
1679 3302 1868 3356 librum
1896 3303 2128 3373 adjicere
2157 3308 2239 3362 in-

643 3396 789 3451 stitni
815 3437 830 3460 ,
864 3394 990 3449 illud
1020 3395 1117 3449 abs
1152 3386 1205 3448 te
1246 3394 1473 3463 primum
1514 3394 1787 3464 inquirens
1818 3413 1832 3450 :
1870 3396 1961 3451 Dic
1988 3438 2002 3463 ,
2036 3412 2156 3461 oro,
2182 3398 2227 3454 si

647 3488 765 3556 quis
796 3493 845 3540 te
872 3485 938 3539 ad
979 3501 1201 3555 regnum
1244 3493 1496 3539 terrestre
1534 3494 1749 3539 vocaret
1772 3528 1787 3553 ,
1816 3497 1975 3555 atque
2004 3497 2127 3543 ante
2154 3491 2234 3543 in.

640 3592 884 3647 gressum
908 3576 1023 3645 ejus
1046 3576 1293 3642 civitatis,
1323 3576 1405 3630 vel
1430 3585 1715 3646 antequam
1740 3592 1991 3653 coronam
2020 3581 2230 3649 accipe-

645 3684 731 3723 res
775 3668 825 3723 in
865 3668 1130 3723 stabulum
1162 3667 1429 3722 divertere
1457 3682 1677 3721 necesse
1715 3677 1889 3735 esset,
1923 3670 2007 3723 ubi
2052 3671 2143 3725 luti
2174 3688 2236 3726 ac

644 3762 775 3815 fumi
803 3760 1086 3831 plurimutn
1118 3761 1484 3829 viatorumque
1511 3759 1764 3814 tumultus
1793 3768 1958 3826 esset,
1990 3771 2042 3814 et
2073 3762 2239 3815 latro-

646 3870 769 3907 num
804 3837 1480 3922 perturbatio,summaque
1500 3864 1743 3921 pressura
1758 3859 1810 3906 et
1826 3844 2090 3922 angustia,
2112 3871 2237 3909 ntuu

646 3944 713 3998 ad
761 3944 847 3997 illa
879 3943 1056 4019 tristia.
1091 3943 1410 4013 cogitatione
1442 3945 1830 3998 convertereris
1854 3984 1869 4009 ,
1905 3960 2079 3997 nonne
2112 3961 2239 4000 vero

643 4037 732 4090 illa
771 4034 947 4090 omnia
974 4035 1123 4104 quasi
1155 4034 1283 4087 nihil
1316 4043 1495 4088 essent
1523 4037 1932 4089 comemneres?
1961 4037 2240 4101 Quomodo

643 4128 799 4197 igitur
822 4143 926 4181 non
948 4126 1234 4179 absurdum
1262 4124 1448 4189 fuerit,
1480 4127 1705 4180 terrenis
1737 4127 1895 4180 rebus
1921 4129 2236 4195 potiturum,

642 4231 738 4286 spe
767 4216 915 4287 regni
956 4216 1156 4271 elatum
1189 4214 1317 4269 nihil
1350 4215 1431 4270 his
1458 4230 1576 4285 qua:
1605 4216 1815 4270 interim
1856 4217 2077 4272 adversa
2111 4218 2241 4272 inci-

642 4311 820 4365 derint
858 4311 1098 4365 contrahi
1123 4353 1136 4377 ,
1166 4310 1231 4365 ad
1274 4309 1433 4363 caelos
1460 4318 1637 4364 autem
1665 4310 1980 4367 accersitum
2010 4329 2102 4381 per
2127 4314 2240 4367 sin-

642 4404 760 4474 gula
788 4419 907 4473 qua:
937 4403 987 4457 in
1015 4402 1313 4458 diversorio
1339 4402 1653 4472 centiugtmt
1679 4403 1849 4456 tristia
1882 4402 2132 4459 decidere
2159 4415 2237 4459 at-

641 4504 747 4565 que
788 4493 1126 4564 perturbari?
1155 4492 1402 4548 Proiecto
1431 4493 1572 4545 enim
1607 4492 1901 4547 diversorio
1932 4509 1993 4547 ac
2037 4494 2230 4549 stabuli

646 4588 974 4643 habitatione
1003 4586 1169 4641 nihilo
1195 4584 1478 4657 prazsentis
1501 4588 1621 4641 vita:
1645 4597 1812 4641 status
1836 4587 2055 4653 melior;
2085 4589 2244 4659 idque

643 4694 765 4734 cum
798 4679 966 4732 sancti
994 4678 1149 4732 nobis
1175 4678 1410 4733 indicare
1432 4685 1709 4748 cuperent,
1751 4678 1985 4748 ItOSpileS
2012 4695 2073 4734 ac
2113 4696 2235 4751 per-

643 4772 859 4841 cgrinns
877 4770 1083 4840 seipsos
1110 4769 1472 4839 appellabant,
1501 4770 1584 4823 his
1602 4770 1775 4825 verbis
1801 4785 1899 4825 nos
1915 4772 2237 4839 erudientcs,

641 4870 693 4913 et
725 4861 841 4915 heia
872 4860 1053 4915 saeculi
1101 4861 1381 4930 praesentis
1420 4869 1475 4915 et
1513 4860 1680 4915 tristia
1711 4860 1955 4915 deridere
1978 4904 1992 4927 ,
2024 4870 2184 4933 atque
2210 4879 2239 4916 a

647 4964 789 5009 terra
826 4955 1136 5025 longissime
1164 4962 1398 5009 remotos
1426 4962 1533 5009 toto
1557 4956 1733 5009 animo
1756 4956 1988 5011 cmlestia
2016 4956 2239 5025 ambire,

644 5059 804 5117 atque
831 5046 898 5102 ad
929 5060 989 5102 ea
1024 5056 1186 5100 totam
1219 5045 1514 5101 transferre
1543 5046 1940 5117 cogitationem.

720 5139 879 5195 Διοιὶε
924 5139 1209 5210 exemplum
1253 5137 1421 5206 θῆαι-ι.
1452 5168 1524 5178 —-
1552 5140 1665 5209 Age
1705 5139 1882 5210 itaque
1924 5139 1990 5195 ad
2030 5144 2243 5197 sanctos

646 5234 790 5301 ipsos
816 5230 1112 5299 veniamus,
1135 5246 1165 5283 a
1195 5228 1389 5299 Joseph
1420 5230 1483 5284 ad
1506 5229 1703 5285 Moscm
1732 5232 2028 5285 orationem
2062 5241 2238 5285 trans-

647 5326 903 5380 ferentes.
935 5324 1215 5389 lliccnitn,
1241 5323 1476 5377 omnium
1511 5324 1599 5393 qui
1627 5321 1844 5377 interra
1892 5324 2241 5377 versabantur

654 5417 965 5471 mitissimus
986 5456 1000 5480 ,
1029 5416 1261 5487 gignitur
1288 5414 1573 5484 gentilibus
1605 5412 1821 5483 quidem
1852 5414 1963 5468 suis
1993 5413 2042 5468 vi
2069 5414 2245 5470 duris.-

649 5510 800 5564 sitna:
826 5507 1094 5563 servitutis
1125 5508 1420 5579 oppressis,
1450 5506 1711 5561 alienatus
1739 5514 1914 5560 autem
1946 5520 1973 5559 a
2006 5508 2240 5576 parenti»

711 5668 726 5695 ¹
750 5662 902 5719 εοιιι..
932 5664 1157 5726 Ejusdem
1180 5662 1245 5714 ad
1268 5662 1491 5714 eumdem
1514 5661 1657 5715 etiam
1681 5661 1741 5725 de
1762 5658 1969 5712 tristitia.
1989 5659 2147 5724 Savil.,
2176 5660 2239 5711 ad

651 5727 870 5779 9M?!“
891 5725 1148 5791 stcgit't'ttnt
1166 5734 1328 5777 Sermo
1353 5733 1444 5775 tu.

2344 3036 2445 3090 bus
2467 3079 2481 3103 ,
2514 3038 2867 3111 ignoransque
2895 3058 2924 3097 a
2952 3044 3144 3115 quibus
3170 3047 3379 3117 genitus
3406 3058 3574 3115 esset,
3607 3042 3769 3120 priori
3800 3056 3952 3110 omni

2348 3138 2507 3183 aetate
2545 3145 2575 3184 a
2618 3131 2856 3187 barbaris
2903 3136 3029 3191 viris
3075 3138 3381 3193 educatur:
3415 3156 3521 3210 quo
3564 3142 3689 3212 quid
3731 3144 3953 3212 gravius

2347 3218 2573 3275 llebrmo
2597 3263 2611 3287 ,
2643 3224 3001 3295 singularique
3028 3215 3307 3299 prudentia
3351 3232 3579 3301 prurdito
3614 3233 3952 3291 adolescenti

2345 3312 2517 3379 potuit
2544 3315 2881 3385 contingere,
2906 3320 3005 3371 etsi
3034 3320 3227 3374 millies
3255 3320 3391 3374 [ilius
3423 3323 3563 3390 regis
3585 3337 3702 3377 esse
3735 3333 3955 3393 putare-

2349 3405 2476 3460 ‘tnr?
2507 3405 2623 3461 Non
2653 3417 2830 3463 autem
2862 3410 2962 3464 hoc
2992 3411 3110 3467 solo
3140 3412 3434 3482 angebatur
3462 3415 3550 3468 ille
3581 3424 3726 3479 tunc,
3761 3432 3951 3472 verum

2346 3496 2485 3567 quod
2526 3500 2821 3556 intueretur
2856 3515 3067 3574 gcntcm
3111 3520 3259 3560 suam
3300 3509 3523 3562 summis
3550 3509 3948 3567 calamitatibus

2348 3592 2598 3660 uppritni.
2632 3593 2729 3659 Qui
2759 3595 2899 3649 enim
2937 3598 3053 3651 sine
3093 3596 3302 3652 illorum
3331 3599 3502 3654 salute
3528 3616 3597 3656 ne
3625 3602 3805 3658 vivere
3823 3605 3952 3673 qui-

2348 3682 2493 3748 dem,
2516 3700 2688 3755 neque
2712 3686 2762 3739 in
2786 3686 2877 3740 Dei
2903 3688 3037 3743 libro
3058 3690 3319 3744 conscribi
3342 3692 3662 3759 patiebatur,
3679 3695 3952 3762 quomodo

2347 3775 2483 3829 aulae
2516 3776 2675 3846 regite
2707 3778 2961 3848 regnique
2992 3780 3144 3837 bonis
3186 3779 3289 3835 frui
3322 3782 3618 3851 potuisset.
3646 3798 3768 3838 cum
3801 3793 3951 3840 tanta

2345 3882 2534 3921 onmes
2580 3878 2895 3939 tempestate
2932 3871 3136 3940 jactare
3171 3873 3399 3943 gentiles
3427 3874 3713 3929 cerneret?
3736 3873 3869 3929 Nam
3899 3877 3947 3931 si

2348 3973 2445 4011 nos
2475 3972 2688 4028 quoque
2720 3970 2838 4028 post
2870 3970 2974 4014 tam
3004 3961 3171 4015 multa
3206 3963 3399 4017 saecula
3426 3973 3643 4018 exortos
3666 4006 3681 4029 ,
3713 3965 3948 4019 nullam-

2347 4066 2451 4119 que
2495 4049 2793 4120 lmjusmodi
2824 4068 3039 4107 causam
3068 4056 3549 4110 commiseratiunis
3576 4071 3700 4125 erga
3731 4054 3949 4112 Judaeus

2348 4142 2627 4208 habentes,
2665 4154 2804 4218 ianua
2832 4142 2975 4201 subit
3002 4148 3301 4202 occisorum
3335 4161 3617 4218 puerorum
3649 4148 3945 4205 commise-

2348 4155 2627 4208 ttanentes,
2665 4155 2730 4200 tat
2780 4162 2804 4197 ιι
2832 4155 2975 4201 subit
3002 4155 3301 4202 occisorum
3335 4161 3617 4218 puerorum
3649 4155 3945 4205 commise-

2347 4236 2503 4301 ratio,
2537 4236 2664 4306 quid
2688 4155 2871 4292 mgnus
2894 4234 2989 4292 ille
3018 4248 3121 4291 non
3150 4253 3338 4307 passus
3363 4247 3482 4305 est,
3510 4240 3599 4309 qui
3631 4248 3738 4291 tam
3761 4239 3946 4309 singu-

2351 4330 2446 4383 lari
2487 4331 2677 4385 ait'ectu
2718 4332 2860 4401 genti
2892 4347 3001 4385 sua:
3044 4332 3330 4386 adstrictus
3370 4334 3512 4402 ipsas
3540 4348 3724 4387 eorum
3764 4334 3948 4389 clades

2350 4421 2518 4475 oculis
2550 4423 2905 4492 percipiebat,
2938 4438 3001 4477 ac
3044 4439 3140 4478 eos
3186 4433 3446 4493 praeterea
3489 4424 3579 4494 qui
3626 4426 3788 4479 tantis
3828 4426 3949 4480 illos

2351 4512 2505 4567 malis
2528 4512 2827 4568 alliciebant
2847 4525 3126 4586 parentum
3156 4516 3306 4570 titulo
3332 4514 3598 4572 honorare
3619 4518 3949 4587 cogebatur?

2350 4607 2495 4661 Reor
2533 4606 2704 4675 ipsum
2736 4608 2960 4661 miseros
2998 4606 3119 4661 illos
3149 4616 3273 4662 tunc
3302 4608 3533 4663 infantes
3564 4609 3679 4678 plus
3707 4609 3907 4664 luxisse
3930 4650 3947 4676 ,

2351 4714 2509 4768 quam
2536 4697 2759 4753 fecerint
2787 4708 3036 4768 parentes
3064 4701 3162 4770 ipsi
3192 4718 3205 4754 :
3233 4700 3466 4771 quodex
3492 4702 3620 4771 ipsis
3642 4702 3806 4771 liquet
3829 4718 3948 4772 qua:

2352 4798 2533 4862 pustca
2559 4792 2744 4860 geSsit.
2773 4791 2905 4845 Cum
2929 4792 3072 4846 enim
3095 4807 3217 4846 eum
3240 4792 3329 4863 qni
3355 4803 3505 4862 pater
3525 4808 3643 4847 esse
3666 4793 3945 4862 putabatur

2351 4900 2450 4939 nec
2477 4884 2749 4939 suadendo
2776 4884 3009 4949 ﬂectere,
3042 4899 3215 4955 neque
3245 4899 3439 4954 cogere
3469 4886 3689 4950 valeret,
3722 4895 3780 4939 ut
3812 4885 3957 4940 feran-

2351 4978 2454 5031 lem
2499 4977 2938 5049 tyrannicamque
2980 4976 3275 5045 jusstoucm
3323 4986 3645 5043 removeret,
3689 4977 3803 5046 ipse
3845 4992 3948 5034 una

2353 5068 2615 5122 malorum
2658 5068 3021 5123 communium
3069 5068 3234 5123 voluit
3275 5082 3394 5123 esse
3439 5071 3721 5139 particeps.
3766 5069 3951 5139 Neque

2353 5153 2493 5212 istud
2524 5166 2607 5212 cst
2645 5158 2785 5228 quod
2830 5175 2928 5229 ego
2974 5173 3115 5214 nunc
3157 5167 3434 5230 tantopere
3470 5158 3727 5227 admiror,
3766 5161 3859 5215 sed
3885 5178 3947 5217 ex

2352 5250 2608 5321 cmdeilla
2625 5243 2937 5321 conjiciens,
2953 5267 3111 5321 quam
3137 5253 3403 5321 prteterito
3426 5260 3669 5323 tempore
3694 5254 3946 5310 mceroris

2355 5342 2625 5399 ﬂammam
2669 5344 2880 5407 aluerit,
2923 5343 2973 5397 id
3015 5341 3301 5398 admodum
3341 5354 3548 5414 stupeo.
3582 5343 3712 5399 Nam
3755 5346 3847 5416 qui
3886 5352 3951 5400 ex

2355 5437 2584 5493 maxima
2616 5435 2817 5490 doloris
2846 5435 2894 5489 vi
2924 5435 2991 5490 ad
3017 5434 3359 5491 homicidium
3393 5437 3635 5506 protinus
3662 5438 3856 5507 erupit,
3887 5456 3954 5496 ex

2356 5545 2420 5585 co
2449 5544 2610 5594 opere
2639 5529 2727 5599 qui
2760 5529 2905 5599 prius
2934 5528 3095 5582 animi
3125 5529 3279 5584 dolor
3310 5529 3465 5584 fuerit
3489 5529 3739 5585 ostendit.
3770 5529 3955 5600 Neque

2354 5622 2497 5677 enim
2538 5630 2687 5676 tanta
2734 5621 2855 5674 illos
2898 5621 3234 5676 vehementia
3278 5620 3437 5676 ultus.
3458 5620 3665 5687 fuisset,
3702 5622 3804 5675 nisi
3835 5621 3955 5691 plus

2359 5728 2513 5782 (piam
2543 5722 2718 5782 patres
2747 5711 2845 5783 ipsi
2873 5725 3056 5768 eorum
3087 5712 3240 5767 malis
3267 5712 3652 5769 contabuisset.
3682 5712 3820 5783 Quid
3854 5712 3953 5784 igi-
