4264 6312
249 361 348 417 6Ἱί

245 477 450 550 ψυχῆς.
470 481 626 535 Μετά
651 482 760 555 γὰρ
787 483 848 538 τὸ
881 481 1137 538 ἐπιλῦσαι
1155 485 1216 538 τὸ
1241 485 1376 558 όναρ
1412 485 1567 554 ἔλεγε
1601 487 1739 556 πρὸς
1760 489 1852 541 τὸν

247 564 488 634 οἰνοχόον
508 581 520 594 ·
573 568 746 622 Ἀνῌὰ
781 569 1089 638 μνήσθητί
1115 589 1234 639 μου
1266 570 1362 625 διὰ
1388 571 1675 635 σεαυτοῦ,
1701 571 1849 625 ὅταν

248 642 322 702 εὖ
357 663 457 702 σοι
493 647 757 718 γένηται,
791 651 891 706 καί
926 653 1202 720 ποιήσεις
1229 654 1323 707 ἐπ’
1373 653 1479 724 ἐμὲ
1517 655 1712 721 ἕλεος,
1752 655 1852 710 καὶ

246 731 583 800 μνησθήσῃ
617 733 751 804 περὶ
769 734 917 805 ἐμοῦ
953 736 1102 804 πρὸς
1125 737 1357 806 Φαραὼ,
1386 738 1485 792 καὶ
1519 737 1757 804 ἐξάξεις
1774 756 1852 808 με

203 848 213 853 -
245 813 320 866 ἐκ
358 814 466 868 τοῦ
496 816 878 886 ὀχιιρὼματος
913 821 1149 884 τούτου,
1193 821 1280 873 ὅτι
1332 819 1536 889 κλοπῇ
1573 820 1852 889 ἐκλὰπην

246 897 319 951 ἐκ
347 895 464 965 γῆς
513 898 818 967 Ἐϐραίων,
864 903 964 957 καί
1001 897 1120 957 ὧδε
1170 905 1283 957 οὐκ
1327 904 1594 969 ἐποίησα
1642 903 1848 972 οὐδὲν,

246 980 391 1034 ἀλλ’
412 980 705 1037 ἐνέϐαλόν
731 1003 809 1054 με
836 988 922 1053 εἰς
954 986 1064 1041 τὸν
1099 983 1271 1040 οἷκον
1300 986 1407 1040 τοῦ
1442 987 1678 1041 λάκκου
1716 989 1851 1041 τού-

246 1080 378 1116 του.
413 1065 475 1118 Εί
515 1066 624 1137 γὰρ
662 1069 756 1122 καὶ
791 1057 850 1122 τὸ
884 1070 1212 1141 καθεῖρχθαι
1259 1069 1454 1140 ἔφερεν
1488 1070 1748 1135 εὐκόλως,
1786 1071 1850 1124 τὸ

248 1147 382 1213 γοῦν
436 1149 696 1215 τοιούτοις
735 1150 904 1225 συζῇν
962 1139 1215 1226 ἀνδράσι,
1257 1139 1665 1229 τυμϐωρύχοις,
1723 1155 1850 1208 κλέ-

249 1247 437 1298 πταις,
454 1234 834 1305 πατραλοίαις,
863 1241 1095 1308 μοιχοῖς,
1114 1238 1464 1309 ἀνδροφόνοις
1484 1236 1712 1308 (τούτων
1736 1238 1847 1309 γὰρ

247 1314 508 1371 ἁπάντων
564 1318 659 1372 καὶ
704 1319 813 1373 τῶν
853 1319 1206 1375 τοιούτων-τὸ
1239 1323 1450 1392 οἴκημα
1481 1321 1639 1375 τοῦτο
1675 1324 1847 1393 ἐμπέ-

246 1398 504 1471 πληστο),
542 1401 763 1456 πάντων
801 1402 952 1475 αὐτῷ
980 1404 1280 1476 βαρύτερον
1319 1401 1408 1476 ἦν.
1449 1407 1561 1459 Καὶ
1589 1407 1648 1459 ού
1687 1407 1847 1460 τοῦτο

247 1483 412 1552 μόνον
443 1484 604 1538 αὑτὸν
638 1485 828 1540 ἐλύπει
863 1487 958 1542 καὶ
978 1487 1210 1557 έθλιϐεν,
1246 1488 1383 1542 ἀλλά
1404 1489 1584 1543 καὶτὸ
1617 1487 1844 1554 πολλοὺς

242 1567 379 1636 ὁρᾷν
413 1568 536 1638 εἰκῆ
549 1569 660 1622 ’καὶ
689 1572 868 1640 μάτην
889 1572 1351 1643 ταριχευομένους
1369 1575 1506 1626 ἐκεῖ.
1540 1573 1846 1642 Ἀλλ’ὃμως

241 1651 270 1700 ὀ
306 1649 410 1719 μὲν
441 1651 663 1724 οἰκέτης
685 1693 699 1716 ,
745 1654 884 1726 ὅπερ
912 1655 1159 1729 ἀποδύρῃ
1195 1657 1291 1710 καὶ
1328 1658 1391 1711 σὺ
1415 1656 1534 1720 νῦν,
1567 1657 1845 1726 ἀπηλλάτο

241 1751 366 1787 τετο
390 1735 500 1788 τῶν
538 1737 776 1808 δεσμῶν,
809 1741 838 1792 6
862 1738 919 1793 δέ
942 1739 1227 1812 ἐλεύθερος
1261 1741 1422 1812 ἔμενε
1462 1740 1842 1811 ταλαιπωρού-

242 1834 410 1885 μενος
437 1818 540 1871 ἔτι.
582 1821 645 1872 Εἰ
676 1821 733 1874 δὲ
777 1822 877 1891 τὴν
909 1822 1189 1893 βασιλείαν
1229 1825 1376 1894 λέγοι
1417 1843 1521 1891 τις,
1551 1825 1714 1878 πάλιν
1748 1843 1838 1895 μοι

176 1900 184 1904 ’
239 1902 332 1955 τὸν
360 1902 531 1973 ἐσμὸν
559 1903 666 1958 τῶν
695 1905 990 1975 φροντίδων
1015 1909 1110 1962 καὶ
1144 1908 1243 1978 τῆς
1274 1909 1583 1979 ἀγρυπνίας
1611 1909 1704 1962 καὶ
1730 1908 1838 1962 τῶν

240 1985 458 2056 μυρίων
489 1989 834 2058 πραγμάτων
862 1989 998 2061 ἐρεῖ,
1031 1990 1176 2062 ἆπερ
1205 1990 1422 2045 ἅπαντα
1443 1995 1556 2057 τοῖς
1583 1992 1674 2046 τὸν
1701 1991 1838 2063 ήσύ-

241 2087 357 2139 χιον
399 2070 496 2124 καὶ
534 2071 870 2144 ἀπράγμονα
902 2074 1018 2144 βίον
1067 2073 1472 2146 ἀσπαζομένοις
1529 2076 1589 2129 οὐ
1633 2075 1837 2146 σφόδρα

1072 367 1164 420 AD
1205 366 1589 448 STAGIRIUM
1629 369 1674 422 Α
1715 368 2026 426 υίΕΜΟΝΕ
2083 364 2599 426 VEXATUMJJB.
2647 365 2736 421 ΙΙΙ.

3442 366 3552 422 672

1957 489 2076 540 ἐστί⁵
2112 485 2237 539 καθ’
2277 484 2494 555 ἡδονήν.
2543 482 2729 554 Χωρὶς
2762 480 2818 535 δέ
2846 479 3056 534 τούτων
3098 480 3331 546 ἐκείνοις
3369 482 3469 552 μὲν
3499 483 3550 536 εί

1957 571 2051 624 καί
2097 587 2150 622 τι
2195 567 2435 639 χρηστὸν
2484 565 2714 634 ἐγίνετο,
2764 564 2880 618 ἀλλ’
2931 563 3086 618 οὔπω
3137 565 3237 636 τῆς
3269 564 3551 636 βασιλείας

1953 652 2394 724 τετρανωμένης,
2433 649 2555 703 οὐδὲ
2593 649 2694 718 τῆς
2727 648 2835 701 τῶν
2877 647 3176 720 μελλόντων
3218 651 3549 719 ἐπαγγελίας

1953 737 2121 810 οὔσης
2156 737 2398 806 φανερᾶς
2419 752 2432 765 ο
2475 732 2709 788 ἐνταῦθα
2743 732 2800 785 δέ
2829 731 2959 801 ἔνθα
2987 734 3223 786 τοσαῦτα
3264 733 3555 806 πρόκειται

1954 821 2158 890 ἀγαθὰ,
2207 820 2302 877 καὶ
2350 819 2486 872 πᾶσι
2531 817 2592 870 τὸ
2631 817 2867 888 πρᾶγμα
2905 815 3063 886 δῆλόν
3107 819 3280 884 ἐστιν,
3324 817 3553 889 ἀλγήσει

1951 924 2058 970 τις,
2100 903 2221 957 εἰπέ
2250 921 2362 974 μοι,
2391 903 2440 954 εἰ
2467 901 2561 954 καὶ
2591 900 2822 971 μηδενὸς
2859 899 3001 954 κατά
3037 899 3129 954 τὸν
3158 901 3404 972 παρόντα
3437 900 3555 970 βίον

1951 988 2324 1044 ἀπολαύσεται
2363 985 2603 1058 χρηστοῦ
2623 1027 2637 1051 ,
2675 985 2814 1048 ὅλως
2834 984 2892 1037 δὲ
2928 985 3166 1056 χρηστὸν
3197 983 3468 1056 ήγήσεταί
3497 999 3552 1037 τι

1950 1073 2062 1128 τῶν
2107 1071 2294 1125 ἐνθάδε
2341 1069 2646 1140 γινομένων
2687 1070 2872 1121 ἐκεῖνα
2900 1067 3090 1133 εἰδώς;
3121 1067 3233 1120 Καὶ
3262 1067 3314 1120 τί
3343 1065 3551 1137 ταύτης

1950 1155 2336 1226 ταπεινότερον
2371 1151 2570 1222 γένοιτ’
2607 1151 2674 1205 ἂν
2711 1151 2810 1222 τῆς
2855 1150 3054 1222 ψυχῆς,
3102 1151 3151 1204 εἰ
3187 1150 3559 1232 προσδοκῶσαν

1955 1241 2153 1312 μικρὸν
2198 1238 2427 1310 ὕστερον
2476 1234 2991 1308 μεταναστήσεσθαι
3019 1247 3044 1275 α
3080 1235 3218 1306 πρὸς
3258 1235 3351 1288 τὸν
3391 1235 3550 1304 ούρα-

1950 1324 2062 1391 νδν,
2114 1323 2215 1386 τὰς
2255 1319 2490 1374 ἐνταῦθα
2532 1318 2749 1382 ἀνέσεις
2795 1317 3102 1389 ὲπιζητοίη,
3138 1317 3233 1371 καὶ
3259 1317 3360 1390 τὴν
3387 1319 3549 1382 σκιᾶς

1949 1407 2102 1462 οὐδὲν
2131 1405 2498 1477 διαφέρουσαν
2527 1401 2830 1474 εύθυμίανς
2861 1403 3200 1468 Ματαιότης
3229 1400 3362 1472 γάρ,
3389 1401 3546 1473 φησι,

1945 1487 2379 1561 μικταιοτήτων,
2424 1486 2498 1540 τὰ
2539 1485 2740 1540 πάντα
2766 1485 3118 1555 ματαιότης.
3159 1484 3224 1536 Εἰ
3280 1483 3336 1538 δὲ
3368 1486 3397 1537 6
3442 1483 3550 1555 μά-

1949 1573 2106 1628 λιστα
2138 1572 2355 1625 πάντων
2382 1567 2689 1640 ἀνθρώπων
2730 1571 2923 1640 πεῖραν
2953 1567 3055 1638 τῆς
3083 1565 3178 1620 τοῦ
3208 1561 3325 1637 βίου
3365 1565 3550 1620 λαϐὼν

1949 1657 2164 1728 ἡδονῆς,
2193 1654 2453 1723 τοιαύτην
2501 1652 2766 1724 ἐξήνεγκε
2818 1653 2939 1706 κατ’
2985 1651 3157 1726 αὐτῆς
3203 1649 3303 1722 τὴν
3333 1649 3550 1720 ἀπόφαέ

1955 1758 2059 1804 σιν,
2120 1739 2302 1812 πολλῷ
2335 1739 2537 1810 μᾶλλον
2583 1739 2733 1810 ἡμᾶς
2760 1737 2903 1790 οῦτω
2929 1734 3235 1790 διακεῖσθαι
3281 1733 3378 1786 καὶ⁸
3425 1750 3554 1804 (ερο-

1951 1828 2060 1878 νεῖν
2100 1824 2229 1896 χρὴ,
2269 1813 2396 1888 τοὺς
2425 1823 2580 1877 οὐδὲν
2627 1822 2726 1894 μὲν
2760 1821 2939 1876 κοινὸν
2982 1820 3119 1892 πρὸς
3139 1817 3238 1891 τὴν
3269 1819 3374 1889 γῆν
3399 1817 3552 1888 έχον-

1946 1926 2068 1974 τας,
2115 1909 2198 1971 εἰς
2237 1907 2295 1961 δέ
2325 1908 2424 1979 τὴν
2455 1908 2568 1962 ἀνω
2620 1904 2777 1959 πόλιν
2818 1903 3217 1974 ἐγγραφέντας,
3242 1901 3338 1954 καὶ
3371 1900 3552 1954 πάντα

1950 1994 2260 2064 μετοικίσαι
2295 1991 2387 2045 τὸν
2420 1991 2546 2044 νοῦν
2576 1989 2970 2052 κελευσθέντας
2990 1989 3124 2041 ἐκεῖ.

2011 2089 2036 2118 ⁸
2057 2088 2191 2139 Colb.
2222 2093 2275 2140 et
2295 2087 2445 2139 Savil.
2475 2087 2875 2151 μεταστήσεσθαι.

241 2263 3553 2294 W

624 2436 778 2512 ίεοη
834 2451 1137 2570 ΤΟΥ
1191 2365 1690 2573 ΑΥΤὸΥ
1765 2455 2185 2573 ΠΡΟΣ
2247 2455 3164 2574 ΣΤΑΓΕΙΡΙΟΝ

1587 2722 1747 2776 ΠΕΡΙ
1798 2722 2106 2776 ΛΘΥΜΙΑΣ
2129 2736 2176 2780 ﬂ.

1457 2932 1825 3020 ΛΟΓΟΣ
1879 2933 2304 3018 ΤΡΙΤΟΣ.

308 3279 380 3329 α’.
433 3268 617 3324 Ἰκανᾶ
667 3268 766 3341 μὲν
809 3267 903 3326 οὖν
943 3274 1039 3326 καὶ
1084 3275 1152 3329 τὰ
1193 3275 1463 3350 εἰρημένα
1512 3275 1704 3328 σϐέσαι
1743 3275 1843 3344 τῆς

238 3356 483 3427 ἀθυμίας
511 3355 610 3425 τὴν
641 3354 834 3423 φλόγα,
875 3358 972 3409 καὶ
1009 3360 1196 3411 πεῖσαι
1242 3360 1372 3430 ῥᾷον
1413 3358 1716 3414 διακεῖσθαι
1746 3359 1845 3431 τὴν

235 3441 443 3512 ψυχήν
467 3438 608 3492 ὥστε
638 3438 696 3492 δὲ
722 3441 786 3492 ἐκ
815 3441 1136 3512 περιουσίας
1169 3442 1428 3511 γενέσθαι
1450 3443 1553 3513 τὴν
1587 3460 1846 3514 παραμυο

238 3526 386 3585 θίαν.
412 3525 507 3578 καὶ
536 3523 728 3577 τοῦτον
761 3523 980 3593 έγνωκά
1018 3542 1102 3579 σοι
1144 3526 1466 3598 προσθεῖναι
1527 3527 1619 3580 τὸν
1660 3526 1842 3597 λόγον,

240 3609 421 3663 ἐκεῖνό
455 3625 514 3661 σε
546 3607 768 3679 πρῶτον
798 3608 1059 3680 ἐρόμενος
1083 3627 1094 3640 ·
1128 3611 1251 3663 εἰπὲ
1281 3611 1390 3681 γάρ
1434 3628 1547 3682 μοι,
1584 3611 1639 3665 εῖ
1658 3611 1742 3676 τίς
1783 3629 1843 3664 σε

241 3694 325 3756 εἰς
351 3691 629 3762 βασιλείαν
663 3690 848 3744 ἐκάλει
888 3691 987 3762 τὴν
1020 3695 1079 3746 ἐν
1099 3696 1166 3764 τῇ
1196 3696 1293 3764 γῇ,
1323 3692 1444 3747 εἶτα
1475 3695 1604 3766 πρὶν
1629 3696 1711 3759 εἰς
1741 3695 1843 3765 τὴν

241 3775 401 3830 πόλιν
422 3775 708 3840 εἰσελθεῖν,
729 3777 823 3829 καὶ
850 3775 943 3828 τὸν
972 3776 1240 3845 στέφανον
1261 3777 1658 3850 ἀναδήσασθαι,
1683 3779 1845 3850 ἐμελ-

240 3861 334 3924 λες
355 3860 415 3912 ἐν
444 3859 750 3930 πανδοκείῳ
789 3858 1107 3925 καταλύειν,
1144 3863 1200 3916 ἐν
1227 3854 1272 3929 ᾧ
1311 3861 1405 3914 καὶ
1454 3862 1714 3934 βόρϐορος
1749 3865 1844 3917 καὶ

241 3945 472 4010 καπνὸς,
495 3945 589 3998 καὶ
617 3943 914 4015 ὁδοιπόρων
951 3943 1203 4017 θόρυϐος,
1236 3946 1333 4004 καὶ
1358 3946 1574 4020 λῃστῶν
1603 3950 1841 4020 ταραχὴ,

241 4029 340 4082 καὶ
384 4027 716 4099 στενοχωρία
753 4028 848 4080 καὶ
874 4027 1053 4098 θλῖψις
1087 4029 1278 4100 πολλὴ,
1314 4025 1423 4102 ἆρα
1455 4029 1521 4084 ἂν
1563 4032 1844 4104 ἀπεστρά-

243 4127 354 4182 φης
399 4111 534 4181 πρὸς
586 4113 770 4164 ἐκεῖνα
809 4111 878 4164 τὰ
917 4112 1162 4184 λυπηρὰ,
1203 4113 1319 4167 ἀλλ’
1355 4114 1456 4168 οὐκ
1486 4114 1552 4168 ἂν
1587 4115 1844 4170 ἁπάντων

243 4195 429 4248 αὐτῶν
473 4194 736 4273 chao-36350
769 4194 941 4248 όντων
973 4195 1418 4268 κατεφρόνησαςς
1448 4199 1574 4262 Πῶς
1618 4195 1711 4252 οὖν
1743 4201 1844 4253 ούκ

242 4279 448 4334 ἄτοπον
489 4279 590 4348 τῆς
626 4277 726 4349 μὲν
773 4279 879 4348 γῆς
922 4279 1186 4350 μέλλοντα
1225 4284 1448 4352 κρατεῖν
1506 4281 1698 4352 μηδενὶ
1735 4283 1844 4336 τῶν

243 4361 633 4433 ἐμπιπτόντων
677 4362 1066 4418 συστέλλεσθαι
1095 4355 1394 4438 ’δυσχερῶν
1439 4369 1561 4430 ταῖς
1596 4367 1694 4435 τῆς
1743 4366 1839 4436 βα-

245 4447 453 4510 σιλείας
493 4446 675 4500 ἐλπίσι
707 4447 1113 4520 γαυρούμενον,
1149 4450 1288 4522 πρὸς
1316 4450 1374 4503 δέ
1418 4453 1546 4514 τοὺς
1581 4450 1844 4522 οὐρανοὺς

245 4529 600 4602 στελλόμενον
631 4532 995 4585 καταπίπτειν
1019 4534 1114 4585 καὶ
1146 4531 1496 4603 θορυϐεῖσθαι
1523 4537 1608 4603 ἐφ’
1627 4535 1845 4606 ἑκάστῳ

243 4615 357 4668 τῶν
383 4617 442 4670 ἐν
468 4613 548 4684 τῷ
578 4614 915 4686 καταγωγίῳ
943 4616 1121 4686 τούτῳ
1145 4617 1560 4687 συμϐαινόντων
1590 4621 1723 4689 ἡμῖν
1753 4619 1839 4672 λυο

247 4697 442 4771 πηρῶν
488 4699 548 4757 ιιι
591 4698 953 4767 Καταγωγίου
995 4701 1106 4771 γὰρ
1151 4703 1248 4754 καὶ
1294 4701 1395 4773 τῆς
1440 4704 1500 4756 ἐν
1543 4703 1847 4774 πανδοκείῳ

251 4783 422 4854 μονῆς
455 4783 608 4837 οὐδὲν
642 4783 782 4856 αὕτη
816 4786 850 4856 ή
877 4785 972 4839 τοῦ
1004 4785 1121 4856 βίου
1149 4786 1345 4840 τούτου
1399 4789 1742 4852 κατάστασις
1768 4790 1849 4842 δι-

247 4869 524 4938 ενήνοχεν·
544 4869 638 4921 καὶ
670 4869 832 4923 τοῦτο
848 4871 900 4923 οἰ
926 4870 1073 4940 ἅγιοι
1105 4870 1276 4939 δεῖξαι
1312 4871 1629 4944 βουλόμενοι
1661 4872 1848 4938 ξένους

249 4952 346 5006 καὶ
373 4951 794 5024 παρεπιδήμους
833 4953 1064 5008 ἐκάλουν
1093 4956 1452 5020 ἐαυτοὺς,διά
1481 4954 1689 5010 τούτων
1720 4974 1850 5009 παι-

247 5035 497 5099 δεύοντες
527 5038 682 5107 ἡμᾶς
727 5036 836 5090 τῶν
871 5039 1136 5110 ῥημάτων
1180 5041 1276 5094 καὶ
1307 5040 1417 5095 τῶν
1451 5040 1708 5114 χρηστῶν
1755 5043 1849 5096 καὶ

247 5118 359 5173 τῶν
403 5119 646 5197 ἀνιαρῶν
667 5120 779 5175 τῶν
809 5123 868 5176 ἐν
897 5121 976 5194 τῷ
1007 5124 1236 5196 παρόντι
1261 5123 1362 5198 βίῳ
1388 5126 1724 5196 καταγελᾷν,
1753 5127 1850 5180 καὶ

248 5203 352 5274 τῆς
394 5203 500 5274 γῆς
546 5205 962 5276 ἀπαλλαγέντας
1005 5207 1136 5280 ὃλην
1182 5209 1489 5281 προσδῆσαι
1518 5208 1598 5281 τῷ
1629 5210 1848 5283 οὐρανῷ

250 5287 350 5360 τὴν
369 5286 570 5360 ψυχήνο

323 5373 463 5446 Φέρε
490 5369 585 5428 οὖν
619 5375 706 5429 ἐπ’
730 5376 930 5441 αὐτοὺς
957 5379 1083 5442 τοὺς
1113 5379 1304 5447 ἁγίους
1326 5376 1594 5449 ἔλθωμεν,
1619 5379 1728 5433 ἀπὸ
1753 5378 1850 5433 τοῦ

265 5457 464 5529 Ἰωσὴφ
491 5458 586 5512 ἐπὶ
617 5459 710 5512 τὸν
748 5459 956 5515 Μωσέα
990 5461 1320 5534 μεταθέντες
1342 5463 1436 5517 τὸν
1465 5462 1644 5532 λόγον.
1681 5457 1852 5528 Οὗτος

250 5543 363 5612 γὰρ
381 5543 428 5595 -ὀ
476 5543 698 5598 πάντων
739 5545 1052 5616 πραότατος
1079 5547 1188 5602 τῶν
1214 5548 1310 5600 ἐπὶ
1337 5547 1438 5619 τῆς
1467 5547 1573 5618 γῆς
1603 5547 1850 5602 τίκτεται

253 5625 355 5696 μὲν
387 5626 496 5681 τῶν
540 5627 758 5683 οἰκείων
799 5631 1151 5702 πραττόντων
1198 5632 1422 5699 κακῶς,
1464 5631 1851 5705 ἀλλοτριωθεὶς

316 5783 342 5857 ξ
370 5783 504 5858 (ἴση).
526 5783 631 5861 ’φοῦ
660 5785 824 5876 αὐτοῦ,
845 5787 909 5844 είς
935 5789 1016 5876 τρν
1039 5790 1182 5871 αύτρν
1207 5790 1275 5840 ἐτι
1308 5791 1419 5854 περὶ
1437 5790 1655 5853 ἀθυμίας,
1694 5791 1847 5842 Smil.

247 5853 366 5909 πρὸς
386 5853 468 5893 τὸν
493 5853 635 5896 αὐτὸν
661 5853 926 5921 Σταγείρων
959 5853 1060 5912 λὸγ.
1089 5853 1158 5914 γ’.
1376 5853 1382 5854 ⁷

313 5905 342 5946 b
368 5907 536 5979 Μαι-ιιι.
563 5909 790 5978 (δίδωτι.
836 5925 886 5964 ιιι
911 5920 1049 5965 tum
1095 5916 1336 5979 λυπηρῶν,
1358 5914 1496 5968 Colb.
1520 5917 1572 5968 et
1612 5915 1760 5968 Sari].
1795 5916 1844 5966 in

245 5980 401 6034 marg.
426 5970 685 6036 δυσχερῶν.

1950 3272 2008 3325 δέ
2055 3271 2163 3325 τῶν
2206 3270 2476 3324 τεκόντων
2532 3267 2718 3332 αὑτὸν,
2774 3267 2867 3325 καὶ
2922 3267 3048 3332 τους
3105 3271 3550 3343 γεννησαμένους

1949 3358 2230 3428 ἀγνοήσας
2253 3357 2433 3410 πᾶσαν
2481 3355 2582 3425 τὴν
2617 3351 2842 3426 πρώτην
2873 3352 3088 3422 ἡλικίαν
3120 3355 3225 3408 ὑπὸ
3257 3355 3556 3430 βαρϐάρων

1949 3439 2161 3511 ἀνδρῶν
2213 3438 2617 3510 ἀνατρέφεταιο
2662 3432 2725 3492 οὗ
2768 3437 2820 3490 τί
2849 3436 3049 3505 γένοιτ’
3079 3437 3144 3491 ἂν
3168 3438 3557 3514 χαλεπώτερον

1962 3524 2200 3597 Ἑϐραίῳ
2254 3523 2531 3595 μειρακίῳ
2579 3521 2674 3575 καὶ
2713 3520 2840 3574 νοῦν
2894 3520 3095 3592 ἔχοντι,
3135 3523 3240 3578 κᾶν
3292 3523 3557 3596 μυριάκις

1949 3604 2091 3663 εἶναι
2120 3608 2251 3680 δοκῇ
2282 3607 2552 3679 βασιλέως
2578 3605 2726 3670 υίός;
2760 3604 2896 3658 Τότε
2922 3604 2978 3658 δέ
3008 3604 3070 3658 οὐ
3096 3605 3256 3659 τοῦτο
3296 3607 3457 3678 μόνον
3485 3602 3556 3680 ἦν

1947 3693 2010 3746 τὸ
2052 3693 2248 3758 δεινὸν,
2284 3691 2399 3745 ἀλλ’
2440 3692 2525 3744 ὅτι
2569 3691 2665 3743 καὶ
2701 3689 2764 3742 τὸ
2806 3689 3082 3759 ὁμόφυλον
3133 3691 3281 3745 ἆπαν
3329 3693 3388 3744 ἐν
3432 3695 3556 3758 ταῖς

1949 3778 2209 3848 ἐσχάταις
2236 3777 2384 3848 ἐώρα
2417 3777 2748 3847 συμφοραῖς.
2798 3773 2857 3826 '0
2883 3772 2992 3845 γὰρ
3025 3774 3161 3846 μηδὲ
3185 3774 3285 3847 ζῇν
3318 3776 3556 3848 ἀνασχό.

1953 3877 2135 3932 μενος,
2184 3859 2318 3932 μηδέ
2357 3861 2415 3912 ἐν
2461 3862 2528 3930 τῇ
2567 3857 2736 3929 βίϐλῳ
2775 3856 3091 3929 γεγράφθαι
3133 3856 3230 3911 τοῦ
3274 3858 3412 3912 Θεοῦ
3451 3861 3553 3931 τῆς

1951 3945 2227 4016 σωτηρίας
2275 3944 2375 4015 τῆς
2426 3943 2654 3996 ἐκείνων
2705 3942 2899 4013 χωρὶς,
2936 3941 3055 4006 πῶς
3088 3941 3156 3996 ἂν
3206 3943 3316 3996 τῶν
3348 3945 3406 3997 ἐν
3439 3948 3554 4009 τοῖς

1950 4027 2249 4098 βασιλείοις
2282 4026 2559 4083 ἀπέλαυσε
2597 4025 2781 4081 καλῶν
2815 4026 2874 4078 ἐν
2903 4025 3148 4096 τοσούτῳ
3173 4025 3406 4081 κλύδωνι
3440 4045 3556 4082 κει-

1953 4111 2150 4184 μένους
2180 4111 2324 4184 όρῶν
2353 4111 2603 4174 ἅπαντας
2620 4128 2634 4178 ;
2654 4111 2718 4163 Εἰ
2739 4110 2849 4180 γὰρ
2872 4111 3023 4180 ἡμᾶς
3047 4111 3172 4174 τοὺς
3205 4110 3347 4180 μετά
3371 4111 3558 4166 τοσοῦ·

1949 4214 2040 4250 τον
2071 4195 2267 4267 χρόνον
2306 4193 2714 4266 γεγενημένους
2732 4194 2829 4246 καὶ
2849 4192 3007 4246 οὐδὲν
3037 4192 3249 4246 τοιοῦτο
3273 4193 3556 4266 δικαίωμα

1950 4278 2299 4351 συμπαθείας
2348 4279 2486 4348 πρὸς
2523 4277 2819 4341 Ἰουδαίους
2852 4277 3078 4348 ἔχοντας
3103 4277 3362 4342 τοσοῦτος
3405 4279 3557 4344 ἐλεος

1949 4364 2372 4435 εἰσέρχεταιτῆς
2399 4362 2786 4426 παιδοκτονίας
2809 4361 3047 4433 ἐκείνης,
3065 4362 3126 4414 τί
3159 4362 3261 4415 οὑκ
3291 4363 3360 4417 ἂν
3395 4363 3425 4416 6
3453 4381 3557 4434 μα-

1949 4450 2142 4521 κάριος
2165 4450 2376 4512 ἐκεῖνος
2397 4447 2569 4501 ἔπαθε
2589 4488 2604 4512 ,
2640 4445 2820 4518 πολλῷ
2852 4447 2952 4518 μὲν
2981 4445 3059 4518 τῷ
3089 4446 3242 4518 πόθῳ
3278 4447 3417 4520 πρὸς
3445 4450 3556 4504 πᾶν

1947 4532 2010 4586 τὸ
2038 4532 2192 4596 ἔθνος
2220 4529 2796 4602 συνδεδεμένος,δψεσι
2816 4530 2873 4584 δὲ
2891 4530 2990 4595 τὰς
3006 4531 3235 4585 ἐκείνων
3259 4533 3556 4603 παραλαμ-

1949 4619 2128 4673 ϐἀνων
2164 4616 2474 4688 συμφορὰς,
2517 4616 2613 4669 καὶ
2661 4617 2790 4679 τοὺς
2827 4613 3002 4669 ταῦτα
3044 4615 3452 4690 ἐργαζομένους
3485 4616 3554 4674 τὰ

1949 4701 2101 4756 κακά
2119 4703 2298 4771 γονεῖς
2317 4698 2729 4770 ἐπιγράφεσθαι
2758 4699 3206 4771 ἀναγκαζόμενος
3227 4717 3242 4767 ;
3274 4700 3419 4770 Ἐγὼ
3443 4701 3556 4771 γὰρ

1950 4787 2113 4841 αὐτὸν
2147 4784 2374 4853 καὶτῶν
2399 4783 2674 4838 τεκόντων
2711 4783 2916 4854 μᾶλλον
2938 4786 3067 4850 τοὺς
3101 4784 3324 4851 ἀθλίους
3357 4787 3558 4852 παῖδας

1949 4871 2194 4934 ἐκείνους
2217 4864 2374 4940 οἶμαι
2405 4867 2527 4922 τότε
2563 4866 2814 4920 πενθεῖνο
2864 4869 2962 4923 καὶ
2994 4866 3156 4924 τοῦτο
3187 4870 3348 4942 δῆλον
3383 4869 3444 4936 ἐξ
3479 4863 3556 4944 ῶν

1953 4956 2094 5029 μετά
2137 4954 2314 5008 ταῦτα
2351 4949 2610 5024 ἔπραξεν.
2657 4951 2880 5024 Ἐπειδὴ
2920 4952 3028 5022 γὰρ
3061 4952 3186 5007 οὔτε
3227 4952 3556 5029 πείθεινλεῖο

1950 5025 2080 5112 χεν,
2122 5036 2248 5092 οὕτε
2300 5034 2637 5104 ἀναγκάζειν
2679 5034 2916 5106 ἠδύνατο
2963 5037 3056 5091 τὸν
3099 5037 3365 5092 δοκοῦντα
3411 5025 3556 5094 εἶναι

1952 5123 2108 5196 [205]
2139 5121 2351 5193 πατέρα
2387 5118 2680 5174 καταλύειν
2715 5118 2776 5172 τὸ
2799 5118 3064 5191 θηριῶδες
3087 5121 3184 5176 καὶ
3230 5123 3556 5195 τυραννικὸν

1952 5208 2258 5279 ἐπίταγμα,
2291 5205 2456 5268 αὐτὸς
2505 5203 2676 5274 ὁμόσε
2719 5203 2910 5258 λοιπὸν
2942 5208 3056 5270 τοῖς
3092 5207 3319 5260 ἐκείνων
3355 5207 3556 5278 ἐχώρει

1956 5294 2184 5354 κακοῖς..
2215 5288 2328 5343 Καὶ
2364 5289 2428 5342 οὐ
2458 5287 2620 5342 τοῦτο
2650 5287 2920 5359 θαυμάζω
2963 5288 3218 5343 τοσοῦτον
3261 5290 3378 5357 νῦν,
3437 5290 3553 5344 ἀλλ’

1951 5376 2062 5430 ἀπὸ
2090 5373 2184 5428 τοῦ
2230 5373 2394 5444 φόνου
2426 5371 2832 5444 στοχαζόμενος
2861 5373 2996 5444 ὅσην
3023 5375 3082 5427 ἐν
3121 5372 3201 5443 τῷ
3230 5373 3558 5446 παρελθόντι

1951 5460 2130 5532 χρόνῳ
2147 5457 2323 5528 φλόγα
2353 5455 2595 5528 ἀθυμίας
2624 5456 2844 5529 ἔτρεφε,
2871 5456 3300 5533 ταύτηνμᾶλλον
3318 5459 3558 5531 ἐκπλήτ-

1951 5562 2138 5616 τομαι.
2195 5541 2256 5598 Ὀ
2285 5541 2397 5614 γὰρ
2426 5544 2506 5606 εἰς
2539 5541 2700 5612 φόνον
2739 5540 3064 5615 ἀπορρήξας
3099 5545 3197 5614 τὴν
3219 5544 3387 5598 ὠδῖνα
3414 5544 3560 5598 ἐκεί-

1952 5647 2074 5700 νην,
2118 5628 2359 5699 ἐδήλωσε
2397 5625 2488 5680 διὰ
2519 5624 2630 5679 τῶν
2660 5626 2910 5699 ἐσχάτων
2937 5627 3010 5682 τὰ
3037 5628 3303 5701 πρότερα.
3337 5629 3412 5683 Οὐ
3446 5627 3558 5700 γὰρ

1955 5715 2018 5769 ἂν
2056 5711 2198 5784 μετὰ
2229 5710 2504 5781 τοσαύτης
2535 5711 2720 5776 αὐτοῖς
2743 5712 3370 5788 σφοδρότητος-ἤμυνεν,
3395 5715 3447 5767 εἰ
3481 5713 3558 5784 μὴ

1953 5797 2061 5852 τῶν
2100 5795 2356 5870 πατέρων
2407 5795 2608 5867 μᾶλλον
2627 5799 2740 5860 τοῖς
2794 5797 3021 5852 ἐκείνων
3056 5799 3284 5871 ἐτήκετο
3339 5802 3556 5861 κακοῖς.

1955 5882 2020 5937 Τί
2044 5878 2138 5936 οῦν
2163 5881 2351 5952 ἐπειδὴ
2377 5883 2575 5954 ἤμυνε,
2608 5882 2704 5936 καὶ
2721 5882 2822 5954 τὴν
2854 5883 3032 5956 ψυχὴν
3057 5885 3334 5939 ἀνέπαυσε
3358 5880 3558 5956 μικρὸν

1957 5967 2065 6024 ὰπδ
2108 5969 2206 6042 τῆς
2243 5965 2482 6038 ἀθυμίας
2508 5967 2757 6040 ὲκείνηςς
2783 5963 2892 6041 ἄρα
2921 5969 3164 6044 ἠδυνήθη
3205 5970 3393 6025 τέλεον
3420 5968 3559 6023 ἀπο-
