4264 6312
240 370 351 425 μδ

245 492 333 534 tur
363 488 711 551 posteaquam
752 481 870 537 illos
905 481 1047 537 ultus
1074 491 1176 549 est,
1210 498 1336 537 num
1374 484 1458 540 vel
1501 499 1689 555 parum
1720 487 1837 540 ani-

242 589 368 627 mus
420 590 487 630 ex
524 590 756 630 mmmrc
786 575 877 631 illo
907 576 1174 630 relaxatus
1214 576 1334 630 est?
1367 580 1607 647 potuitne
1636 576 1837 633 diutius

242 664 348 720 frui
386 668 753 722 consolatione
793 665 931 721 illius
958 666 1213 721 ultionis?
1255 667 1353 722 Vix
1383 667 1497 723 dies
1524 670 1691 724 altera
1719 670 1840 723 illit-

246 767 421 824 rerat,
447 774 568 814 cum
596 759 810 813 beatum
839 758 986 811 illum
1012 756 1165 812 dolor
1191 758 1326 812 alius
1346 768 1400 813 et
1421 758 1637 828 quidem
1662 760 1839 831 priore

243 849 403 919 longe
450 850 663 919 gravior
706 848 950 918 excepit,
993 858 1276 919 tantusque
1319 858 1512 917 metus,
1559 861 1616 905 ut
1663 851 1835 920 ipsum

243 942 480 1015 Egypto
513 951 620 997 tota
645 942 976 997 deturbaret.
1006 942 1205 996 Durum
1227 943 1439 1012 quidem
1462 958 1525 999 ac
1549 944 1836 999 molestum

241 1046 328 1090 est
348 1078 365 1101 ,
397 1050 426 1089 a
454 1035 642 1105 quovis
673 1034 887 1089 homine
912 1034 1211 1089 maledictis
1240 1036 1426 1090 lacessi
1451 1051 1466 1101 ;
1499 1051 1682 1091 verum
1712 1050 1835 1090 cum

242 1126 519 1181 beneﬁciis
555 1126 819 1195 quispiam
853 1124 1075 1181 aliectus
1104 1126 1358 1181 beneficia
1404 1128 1517 1197 ipsa
1544 1128 1837 1197 exprobra-

180 1252 189 1258 -
240 1217 379 1272 verit
408 1235 421 1269 :
453 1214 719 1286 Numquid
744 1215 968 1270 occidere
993 1232 1071 1269 me
1096 1225 1148 1271 tu
1173 1217 1265 1285 vis,
1295 1217 1482 1287 inquit,
1510 1220 1837 1287 quemadmo-

240 1308 365 1361 dum
384 1305 691 1378 Egyptian:
718 1307 825 1362 lteri
853 1308 1079 1361 occidisti
1102 1307 1301 1379 (Exod.
1325 1308 1382 1362 2.
1408 1310 1535 1382 ll)?
1558 1320 1683 1365 tunc
1699 1312 1833 1379 jam,

244 1408 373 1453 tunc
393 1399 706 1453 ellicttur‘ea
738 1399 1062 1453 contumelia
1091 1399 1461 1464 intolerabilis,
1486 1403 1557 1455 ita
1585 1411 1640 1455 ut
1667 1402 1837 1472 possit

240 1491 331 1545 illa
362 1490 547 1544 laesum
579 1489 845 1546 sulfocare
869 1509 882 1545 :
908 1498 1107 1545 tantam
1134 1490 1266 1546 iram
1295 1491 1468 1549 dolori
1491 1495 1831 1562 conjunctam

237 1581 415 1637 affert.
446 1583 512 1636 At
543 1597 669 1636 vero
695 1582 747 1636 in
780 1582 925 1637 Mose
956 1591 1147 1652 praeter
1170 1581 1286 1638 haec
1312 1583 1458 1638 aliud
1487 1600 1697 1655 quoque
1720 1595 1828 1640 ter-

243 1673 377 1727 tium
407 1671 579 1727 iuerat
598 1713 612 1737 ,
641 1673 782 1742 regis
806 1672 1056 1728 videlicet
1081 1682 1254 1735 metus
1274 1714 1287 1738 ,
1315 1674 1405 1744 qui
1432 1675 1568 1730 adeo
1585 1675 1713 1746 justi
1740 1691 1833 1732 oc-

236 1774 524 1836 cupaverat
553 1766 790 1822 animum
809 1808 825 1830 ,
853 1775 911 1821 ut
939 1766 1186 1831 universa
1217 1767 1366 1821 illum
1396 1768 1616 1838 regione
1645 1777 1831 1823 extur-

237 1858 410 1913 baret.
470 1857 715 1913 Efllcitur
756 1858 1007 1928 fugitivus
1047 1858 1189 1928 regis
1228 1857 1389 1912 filius.
1422 1857 1602 1929 Itaque
1637 1858 1681 1913 si
1714 1859 1831 1928 quis

234 1950 398 2020 regia:
440 1949 587 2012 illum
630 1949 962 2009 educationis
1004 1963 1165 2004 causa
1204 1948 1421 2004 beatum
1454 1949 1751 2018 putaverit,
1785 1948 1831 2003 is

234 2040 399 2094 modo
427 2040 619 2110 prioris
652 2038 993 2093 abundantia:
1021 2039 1351 2106 recordetur,
1384 2050 1541 2110 atque
1572 2041 1714 2095 illam
1739 2040 1826 2110 ju-

238 2141 324 2186 sto
356 2131 474 2185 viro
510 2129 711 2185 doloris
738 2132 967 2201 ingentis
995 2140 1049 2186 et
1075 2133 1332 2202 angustia:
1362 2134 1638 2187 materiam
1667 2133 1832 2189 fuisse

239 2221 464 2276 videbit.
507 2221 693 2291 Neque
730 2222 873 2276 cnim
919 2221 1058 2300 idem
1093 2230 1174 2276 est
1209 2221 1511 2293 quempiam
1543 2222 1595 2276 in
1627 2224 1831 2292 privata

234 2317 491 2371 nutritum
508 2316 690 2381 domo,
714 2316 956 2387 plurimis
972 2317 1081 2386 jam
1105 2316 1373 2372 laboribus
1398 2317 1685 2387 multisque
1711 2334 1828 2387 per-

229 2396 650 2479 egrinationibus
673 2417 727 2464 et
763 2409 1016 2463 aerumnis
1043 2409 1244 2465 exactis
1266 2450 1281 2476 ,
1309 2408 1496 2479 longos
1533 2410 1722 2464 iterum
1752 2412 1831 2466 la-

232 2500 391 2555 bores
418 2508 577 2571 atque
606 2516 670 2556 ea
697 2500 1033 2556 incommoda
1064 2515 1182 2570 qua:
1216 2508 1369 2555 extra
1399 2502 1625 2571 patrium
1654 2504 1830 2559 solum

230 2596 536 2651 necessario
564 2594 840 2650 subeunda
871 2604 995 2648 sunt
1023 2594 1252 2665 perpeti,
1284 2603 1339 2649 et
1363 2610 1485 2650 eum
1513 2596 1601 2666 qui
1633 2597 1731 2651 ista
1761 2613 1831 2653 ne

229 2688 509 2743 minimum
534 2686 750 2758 quidem
777 2684 937 2740 luerit
960 2693 1234 2756 expertus,
1261 2684 1357 2740 sed
1381 2687 1432 2739 in
1455 2702 1634 2741 rerum
1663 2687 1831 2741 abun-

224 2783 406 2838 dantia
446 2796 606 2836 omne
642 2789 857 2849 tempus
895 2778 1153 2835 educatus
1176 2818 1191 2843 ,
1230 2778 1459 2848 idi‘psum
1494 2779 1622 2848 pati.
1664 2778 1830 2834 Multo

226 2876 373 2932 enim
402 2874 614 2945 gravior
642 2873 693 2927 ei
734 2871 855 2942 fuga
887 2870 1184 2936 videbitur,
1212 2884 1372 2940 quam
1400 2870 1513 2936 illi,
1542 2870 1585 2925 si
1616 2869 1830 2940 quando

225 2966 460 3037 experiri
500 2964 639 3018 hanc
681 2963 987 3018 necessario
1021 2970 1245 3032 cogetur
1275 2977 1290 3015 :
1324 2961 1465 3031 quod
1497 2962 1572 3015 illi
1616 2977 1828 3032 quoque

231 3070 361 3115 tunc
394 3057 636 3128 contigit.
668 3056 849 3126 Itaque
873 3055 1129 3125 profugus
1153 3054 1375 3108 ell'ectus
1393 3094 1407 3118 ,
1436 3054 1748 3124 alienigena:
1774 3064 1829 3109 et

228 3153 521 3208 idololatria
541 3150 641 3206 viri
664 3148 895 3220 hospitio
916 3147 1140 3203 fruitur:
1159 3147 1300 3219 quod
1323 3163 1428 3203 non
1452 3147 1720 3204 mediocre
1743 3156 1828 3204 est

229 3244 461 3299 tristitia:
485 3251 881 3314 argumentum,
904 3249 1011 3295 tam
1040 3239 1201 3311 longo
1227 3239 1429 3295 scilicet
1457 3248 1696 3311 tempore
1716 3239 1828 3294 dre-

228 3338 531 3394 moniorum
574 3334 871 3391 sacerdotis
918 3333 1181 3404 hospitem
1220 3347 1361 3389 esse.
1392 3332 1606 3388 Tradita
1644 3343 1823 3388 autem

225 3430 328 3487 sibi
370 3426 624 3501 pascendi
664 3425 838 3498 gregis
872 3425 1109 3482 custodia
1135 3467 1150 3491 ,
1183 3426 1534 3496 quadraginta
1565 3427 1720 3481 annis
1752 3427 1826 3482 ita

227 3520 478 3593 perstitit.
502 3520 670 3575 Porro
692 3519 736 3573 si
760 3518 862 3573 hoc
881 3517 1073 3573 durum
1100 3531 1209 3571 non
1232 3532 1354 3573 esse
1375 3517 1535 3571 alicui
1560 3516 1821 3585 videatur,

227 3616 275 3668 is
302 3614 454 3668 velim
482 3626 576 3667 eos
599 3610 888 3673 examinet,
914 3624 1022 3663 non
1044 3608 1132 3678 qui
1155 3616 1328 3662 metus
1351 3618 1441 3662 aut
1467 3608 1673 3662 timoris
1695 3623 1823 3663 cau-

225 3721 287 3762 sa
316 3704 720 3775 peregrinantur
748 3711 802 3757 et
833 3700 1049 3755 latebris
1078 3698 1369 3763 abduntur,
1397 3697 1493 3754 sed
1523 3698 1613 3769 qui
1634 3709 1824 3768 sponte

225 3812 321 3853 sua
352 3796 513 3851 domo
541 3794 943 3858 abstrahuntur,
972 3807 1131 3862 quam
1160 3791 1387 3846 moleste
1410 3831 1426 3855 ,
1458 3806 1617 3860 quam
1644 3791 1823 3862 gravi-

226 3902 309 3944 ter
336 3898 534 3959 agant,
565 3897 931 3957 quantumque
960 3882 1227 3939 commodi
1252 3883 1305 3936 in
1337 3882 1512 3937 reditu
1539 3892 1819 3952 reponant.

223 3980 357 4036 Cum
379 3994 509 4034 vero
530 3980 601 4033 illi
623 3988 677 4033 et
699 3988 874 4033 metus
894 3976 1144 4041 adfuerit,
1166 3983 1222 4031 et
1241 3976 1347 4030 vita
1368 3978 1621 4031 mrumnis
1643 3976 1820 4046 plena,

226 4074 436 4142 istoque
460 4085 692 4127 onerosa
719 4079 775 4126 et
802 4070 1027 4125 molesta
1056 4068 1230 4123 reditu
1260 4068 1364 4123 isto
1394 4067 1711 4123 suavissimo
1740 4068 1821 4124 le.

225 4165 373 4219 viora
395 4162 742 4233 judicaverit,
775 4159 1058 4215 considera
1078 4200 1094 4225 ,
1125 4172 1329 4228 quaeso,
1363 4160 1681 4215 calamitatis
1706 4160 1822 4229 ejus

226 4256 665 4328 magnitudinem.
685 4254 869 4324 Neque
889 4254 1032 4308 enim
1054 4252 1367 4321 simpliciter
1387 4254 1572 4307 audies
1589 4294 1603 4320 ,
1628 4250 1821 4307 Pasce-

225 4353 310 4407 bat
336 4394 351 4417 ,
378 4350 472 4406 sed
500 4349 677 4405 recole
706 4364 848 4403 nunc
871 4347 1053 4403 Jacobi
1082 4346 1245 4401 verba
1271 4385 1287 4410 ,
1317 4362 1438 4416 qua:
1474 4347 1540 4401 ad
1571 4362 1819 4402 socerum

223 4457 563 4512 conquerens
592 4440 720 4494 dixit
749 4454 761 4492 :
784 4437 896 4509 Ego
922 4455 953 4491 a
981 4439 1171 4509 mcipso
1192 4436 1463 4491 reddebam
1487 4441 1624 4509 furta
1650 4438 1749 4492 diei
1774 4446 1821 4491 et

223 4535 364 4605 furta
393 4532 549 4587 noctis
578 4550 596 4586 .'
622 4532 705 4586 die
729 4534 910 4585 urebar
937 4539 1089 4595 wstu,
1122 4539 1265 4583 nocte
1290 4529 1403 4601 gelu
1421 4570 1437 4596 ,
1468 4529 1823 4599 recedebatque

222 4643 431 4682 somnus
459 4626 523 4680 ab
559 4626 718 4680 oculis
748 4625 871 4678 meis
906 4625 923 4693 (
953 4622 1079 4677 Cen.
1113 4624 1203 4678 51.
1231 4622 1321 4679 59.
1348 4623 1417 4678 40
1449 4625 1489 4692 ).
1524 4622 1648 4677 11³20
1676 4624 1820 4678 enim

223 4718 404 4773 omnia
451 4718 527 4771 illi
572 4718 733 4770 etiam
777 4716 1063 4784 contigisse
1102 4714 1395 4783 putandum
1441 4721 1553 4777 est,
1584 4720 1639 4767 et
1665 4714 1820 4767 annis

222 4806 467 4881 pluribus
490 4850 507 4876 ,
534 4820 587 4865 et
622 4808 811 4878 majori
854 4822 975 4861 cum
1016 4806 1327 4862 difﬁcultate
1355 4823 1369 4859 :
1397 4806 1595 4876 quippe
1631 4814 1715 4859 est
1757 4820 1819 4860 ea

226 4903 375 4975 regia
411 4906 568 4975 longe
594 4904 854 4959 desertior
883 4911 1040 4974 atque
1072 4902 1350 4966 incnltior,
1379 4916 1538 4970 quam
1569 4898 1819 4967 MeSOpo-

228 4998 412 5051 tamin.
445 4996 597 5064 Quod
626 4997 669 5050 si
704 5012 807 5050 non
839 4998 910 5049 ita
936 4995 1255 5065 querebatur
1281 4994 1476 5057 Moses,
1509 5008 1609 5048 nec
1634 4992 1819 5047 beatus

225 5090 439 5160 quidem
468 5089 555 5143 ille
581 5096 801 5159 questus
829 5102 1083 5157 umquam
1107 5086 1333 5148 fuisset,
1364 5083 1466 5139 nisi
1488 5099 1696 5139 summa
1726 5097 1821 5138 ne-

224 5181 478 5239 cessitate
515 5181 826 5251 compulsus
852 5222 867 5248 ,
898 5187 1058 5249 atque
1095 5178 1164 5233 ob
1204 5178 1468 5247 ingratum
1496 5176 1668 5231 soceri
1699 5175 1819 5229 ani-

227 5290 374 5329 mum
413 5275 466 5329 in
512 5273 628 5329 haec
669 5274 834 5329 verba
876 5286 1221 5341 prorumpere
1262 5269 1565 5325 necessario
1604 5276 1821 5324 coactus

228 5375 393 5421 esset.
423 5364 629 5421 Sufﬁcit
655 5364 868 5436 quidem
895 5372 951 5419 et
980 5364 1094 5434 ipsa
1115 5377 1213 5433 per
1236 5378 1296 5418 se
1319 5362 1509 5416 alienae
1536 5370 1696 5416 terrae
1727 5361 1822 5415 ha-

228 5456 419 5510 bitatio
447 5454 514 5510 ad
547 5470 670 5510 eum
706 5454 1092 5510 bumiliandum
1122 5455 1293 5509 virum
1320 5492 1335 5518 ,
1366 5452 1456 5523 qui
1486 5452 1821 5507 necessitatis

230 5558 438 5604 tantum
465 5564 626 5604 causa
657 5549 1044 5619 peregrinatur.
1071 5547 1222 5603 Sicut
1250 5546 1391 5601 enim
1418 5546 1531 5599 avis
1555 5588 1570 5611 ,
1602 5560 1722 5598 cum
1754 5561 1819 5600 cx

232 5639 360 5695 nido
401 5656 500 5696 suo
538 5640 862 5707 avolaverit,
892 5639 1095 5694 facilius
1129 5638 1333 5708 capitur
1360 5636 1554 5709 (Prov.
1583 5637 1675 5692 27.
1702 5636 1769 5707 8)
1804 5653 1818 5689 :

233 5731 305 5786 ita
329 5741 386 5789 et
412 5731 593 5797 homo,
620 5747 741 5787 cum
764 5747 795 5786 a
821 5730 1038 5786 sedibus
1063 5731 1290 5801 propriis
1318 5729 1525 5799 longius
1554 5726 1821 5797 profectus

233 5823 419 5888 fuerit,
461 5822 679 5881 servitio
709 5823 1003 5894 subjicitur.
1038 5823 1185 5878 'l‘unc
1224 5836 1349 5877 vero
1378 5837 1477 5877 nec
1510 5820 1576 5876 de
1608 5821 1818 5891 propria

1073 372 1165 428 AD
1203 372 1578 431 STAGIRIUM
1618 377 1657 429 Α
1702 374 2005 435 DrEMONE
2045 379 2397 439 VEXATUM.
2440 385 2551 440 LIB
2612 386 2699 442 111.

3432 402 3536 458 475

1948 488 2119 545 salute
2146 506 2366 547 securus
2391 509 2511 550 esse
2537 506 2744 566 poterat
2775 499 2883 566 ille,
2910 502 3004 557 sed
3024 512 3086 559 .ut
3111 519 3298 564 servus
3320 509 3533 581 aliquis,

1948 580 2371 670 crudelissimum
2412 583 2687 641 dominum
2723 588 2982 660 etl‘ugiens
3003 634 3019 659 ,
3054 606 3211 663 pavet
3236 580 3451 670 semper
3476 618 3540 657 ac

1951 669 2180 739 trepidat
2200 688 2266 727 ne
2287 674 2564 742 capiatur:
2590 677 2661 733 ita
2681 688 2735 733 et
2756 679 2942 736 beatus
2966 683 3137 741 Moses
3161 687 3214 741 in
3237 699 3379 744 metu
3402 706 3538 747 sem-

1948 775 2044 830 per
2067 770 2184 816 erat
2215 778 2229 818 :
2257 762 2415 834 idque
2437 780 2503 821 ex
2530 782 2596 822 eo
2620 770 2850 825 maxime
2879 771 3077 844 liquet,
3110 778 3249 845 quod
3282 778 3389 835 Deo
3417 792 3537 853 post

1949 860 2150 943 tantum
2181 856 2437 923 temporis
2466 859 2807 928 prmcipiente
2830 873 2888 917 ut
2918 865 3116 921 rediret
3145 866 3196 921 in
3218 869 3533 943 Egyptum,

1946 941 2115 997 haeret
2150 959 2214 999 ac
2251 946 2472 1014 titubat,
2499 948 2657 1019 idque
2694 966 2813 1006 cum
2852 954 3125 1024 audisset,
3156 941 3435 1032 Defunctus
3462 973 3537 1019 est

1944 1035 2033 1105 qui
2056 1036 2307 1102 quarebat
2331 1039 2554 1093 animum
2582 1052 2719 1096 tuam
2751 1044 2942 1116 (Exod.
2975 1049 3029 1103 4.
3066 1051 3174 1122 19).

2015 1125 2068 1179 2.
2121 1127 2312 1184 Postea
2361 1146 2490 1186 vero
2536 1150 2693 1204 quam
2742 1139 2917 1208 paruit
2966 1150 3021 1195 et
3063 1145 3327 1212 excessit,
3377 1158 3536 1217 atque

1943 1232 2170 1274 uxorem
2214 1234 2277 1275 ac
2320 1222 2515 1278 liberos
2569 1226 2871 1297 relinquere
2919 1242 3137 1288 coactus
3189 1247 3308 1301 est,
3350 1227 3535 1298 rursus

1942 1311 2290 1383 querimonia:
2336 1321 2391 1369 et
2435 1319 2773 1374 contumelia:
2797 1329 2851 1376 et
2889 1323 3048 1380 mina:
3087 1326 3159 1388 ab,
3192 1345 3257 1383 eo
3283 1332 3372 1401 qui
3410 1342 3535 1389 tunc

1943 1402 2201 1471 regnabat
2239 1403 2292 1457 in
2318 1403 2572 1476 Egypto,
2604 1409 2933 1482 criminaque
2958 1424 3012 1470 et
3039 1418 3319 1476 maledicta
3356 1424 3425 1479 ab
3452 1425 3533 1480 eis

1943 1494 2082 1565 ipsis
2110 1511 2245 1567 quos
2268 1497 2542 1556 beneﬁciis
2558 1500 2789 1558 fovebat.
2812 1505 2903 1560 Ille
2919 1508 3061 1563 enim
3084 1511 3261 1568 aiebat
3285 1532 3298 1567 :
3337 1516 3527 1583 Quare,

1942 1584 2111 1641 Moses
2144 1597 2191 1642 et
2217 1588 2391 1644 Aaron
2410 1633 2426 1658 ,
2456 1594 2677 1648 auertitis
2720 1598 2966 1667 papulum
2992 1600 3055 1654 ab
3093 1606 3328 1673 operibus
3378 1610 3483 1663 suis
3505 1612 3531 1664 .’

1940 1676 2177 1769 {iecedite
2228 1684 2568 1751 unusquisque
2625 1697 2840 1742 vestrum
2892 1691 2963 1745 ad
3008 1709 3162 1764 opera
3209 1714 3301 1751 sua
3332 1698 3530 1769 (Exod.

1940 1765 1994 1821 5.
2027 1767 2062 1822 4
2082 1771 2118 1838 ).
2148 1768 2401 1828 lsraclita:
2425 1782 2627 1843 autem,
2665 1775 2862 1847 Videat,
2896 1783 3131 1851 aiebant,
3163 1785 3297 1843 Deus
3324 1765 3370 1843 et
3388 1793 3534 1861 judi-

1940 1868 2018 1913 cet
2046 1876 2163 1927 vos,
2190 1863 2310 1933 quia
2334 1870 2692 1925 exsecrabilem
2724 1874 2910 1944 fecistis
2954 1876 3157 1932 odorem
3194 1892 3419 1937 nostrum
3446 1901 3533 1940 co-

1938 1966 2051 2003 ram
2081 1950 2355 2009 Pharaone
2382 1969 2428 2011 et
2456 1975 2627 2014 coram
2655 1965 2809 2018 servis
2850 1966 2971 2031 suis,
3003 1958 3056 2021 ut
3095 1971 3281 2027 daretis
3304 1975 3532 2043 gladium

1938 2042 1991 2140 i-u
2024 2060 2205 2140 manus
2234 2065 2415 2140 eorum
2437 2052 2507 2105 ad
2543 2055 2947 2123 interﬁciendum
2985 2078 3077 2116 nos
3107 2062 3267 2135 (Ibid.
3400 2070 3524 2140 21).

1939 2132 2131 2191 Gravia
2157 2138 2369 2207 quidem
2393 2156 2551 2199 erant
2589 2145 2703 2202 hare
2742 2157 2796 2202 et
2835 2152 3081 2219 molesta,
3116 2132 3219 2212 sed
3261 2151 3386 2215 illud
3416 2132 3531 2217 om.

1938 2227 2085 2281 nium
2115 2231 2507 2301 gravissimum,
2526 2237 2669 2309 quod
2696 2240 2967 2312 ingressus
2993 2245 3060 2300 ad
3086 2261 3212 2302 suos
3229 2250 3535 2308 innumera-

1937 2334 2045 2389 que
2069 2323 2387 2391 promittens
2424 2328 2585 2396 bona,
2617 2330 2937 2400 libertatem,
2968 2336 3383 2397 incumbentium
3412 2360 3529 2400 ma-

1940 2408 2111 2467 lorum
2137 2416 2466 2485 ereptionem
2490 2459 2507 2485 ,
2542 2421 2699 2476 lallav
2732 2439 2852 2480 esse
2882 2428 3182 2496 putabatur.
3211 2430 3325 2488 Non
3358 2435 3531 2493 solum

1939 2500 2081 2556 enim
2113 2503 2219 2559 illis
2247 2517 2372 2563 tunc
2398 2508 2627 2567 levatum
2656 2529 2762 2568 non
2790 2526 2874 2571 est
2905 2518 3232 2577 imminentis
3255 2526 3531 2583 servitutis

1938 2609 2097 2669 onus,
2138 2614 2325 2656 verum
2364 2604 2582 2673 gravius
2616 2617 2697 2662 est
2727 2607 2994 2678 adjectum
3039 2629 3051 2664 :
3084 2622 3139 2668 et
3181 2614 3272 2684 qui
3316 2627 3530 2687 gentem

1938 2707 2152 2747 omnem
2190 2694 2516 2751 liberaturus
2541 2698 2879 2767 sperabatur,
2922 2701 3081 2772 idque
3120 2707 3457 2775 promiserat,
3487 2710 3532 2767 is

1936 2784 2271 2840 cruciatuum
2297 2795 2352 2840 et
2372 2788 2653 2842 verberum
2683 2805 2842 2844 causa
2871 2791 3152 2849 insidiator
3167 2805 3221 2851 et
3247 2809 3529 2869 corruptor

1937 2892 2058 2934 esse
2080 2878 2385 2950 putabatur.
2415 2878 2544 2946 Quis
2570 2896 2677 2935 non
2708 2897 2941 2939 maerore
2972 2895 3098 2941 tunc
3124 2888 3311 2944 luisset
3335 2891 3527 2946 absor-

1937 2976 2081 3039 ptus,
2127 2984 2250 3025 cum
2290 2970 2562 3040 pollicitus
2607 2980 2685 3027 tot
2731 2974 2994 3029 malorum
3038 2979 3368 3048 ereptionem
3412 2989 3541 3051 post.

1936 3058 2376 3126 pollicitationem
2428 3060 2627 3114 diriora
2694 3062 2902 3117 videret
2947 3067 3247 3122 cumulari?
3308 3071 3531 3127 Dolebat

1934 3147 2149 3218 quidem
2176 3158 2432 3219 quantum
2474 3165 2570 3221 par
2605 3160 2722 3206 erat
2751 3167 2873 3209 eum
2915 3154 3006 3225 qui
3052 3156 3176 3213 talia
3219 3159 3431 3216 audiret
3475 3172 3531 3218 et

1934 3239 2175 3305 videret;
2231 3256 2338 3296 non
2391 3257 2452 3298 ea
2485 3250 2661 3298 tamen
2711 3245 3115 3315 perturbatione
3157 3249 3527 3321 dejiciebatur,

1932 3330 2027 3385 sed
2055 3331 2306 3386 manebat
2330 3332 2641 3401 immobilis,
2669 3342 2725 3389 et
2756 3336 2975 3406 quidem
3001 3353 3123 3394 cum
3157 3344 3529 3412 promissioni-

1932 3421 2036 3476 bus
2055 3436 2118 3477 ea
2135 3438 2256 3492 quae
2282 3424 2664 3495 contingebant
2682 3441 2787 3481 non
2814 3428 2988 3483 solum
3014 3445 3120 3487 non
3139 3436 3525 3506 consentirent,

1932 3528 2118 3569 verum
2146 3523 2202 3569 et
2229 3516 2460 3570 maxime
2481 3516 2903 3574 obluctarentur.
2946 3522 3226 3579 Accedens
3250 3536 3428 3582 autem
3458 3531 3542 3587 ad.

1934 3610 2122 3676 Deum,
2152 3609 2294 3666 etde
2314 3610 2397 3665 his
2417 3612 2664 3682 loquens,
2682 3629 2744 3669 ac
2761 3616 2983 3671 multum
2999 3618 3355 3690 ingemiscens
3374 3669 3389 3692 ,
3420 3626 3527 3682 Do-

1932 3702 2089 3764 utine,
2121 3703 2327 3773 inquit,
2361 3720 2518 3775 quare
2556 3707 2777 3777 afﬂixiin
2816 3713 3061 3780 populum
3091 3721 3252 3780 tuum,
3298 3728 3345 3770 et
3369 3736 3525 3789 quare

1932 3810 2011 3847 me
2031 3794 2210 3848 misisti
2232 3794 2409 3849 ?Erce
2424 3797 2555 3849 enim
2577 3812 2638 3851 ea:
2658 3814 2754 3866 qtto
2780 3800 3036 3872 ingressus
3056 3821 3169 3857 sum
3193 3806 3262 3859 ad
3285 3805 3525 3864 Pharao-

1932 3901 2068 3951 nem,
2099 3896 2153 3938 ut
2179 3887 2408 3956 loquerer
2431 3887 2482 3940 in
2501 3888 2701 3941 nomine
2730 3898 2836 3953 tuo,
2868 3892 3045 3961 afﬂixit
3074 3896 3319 3965 populum
3356 3907 3519 3966 tuum,

1932 3992 2020 4029 nec
2050 3975 2274 4030 liberasti
2312 3994 2425 4031 eum
2447 3978 2464 4048 (
2488 3977 2625 4032 Ibid.
2656 3996 2704 4034 υ.
2737 3980 2852 4053 25).
2897 3982 3022 4038 llaec
3049 4000 3149 4055 ego
3173 4001 3293 4041 cum
3337 3989 3425 4045 ille
3448 3992 3527 4046 la-

1932 4076 2199 4122 mentatus
2219 4076 2383 4136 esset,
2412 4078 2572 4140 atque
2600 4070 2787 4127 eadem
2808 4073 2999 4128 iterum
3024 4076 3284 4143 audisset,
3314 4096 3524 4136 annun-

1934 4160 2025 4215 tiat
2051 4159 2265 4230 quidem
2288 4176 2350 4216 ea
2386 4177 2574 4216 rursus
2604 4163 2857 4219 lsraelitis
2880 4178 2895 4222 :
2919 4166 3013 4222 scd
3044 4168 3119 4223 illi
3148 4171 3368 4228 minime
3392 4176 3525 4230 tole-

1930 4259 2070 4316 rant,
2093 4264 2160 4305 eo
2185 4251 2328 4320 quod
2351 4252 2543 4307 anima:
2570 4253 2783 4308 illorum
2822 4254 3007 4313 labore
3042 4271 3435 4328 premerentur,
3460 4280 3524 4321 ac

1930 4355 2169 4395 mcerore
2211 4340 2523 4396 deﬁcerent.
2561 4341 2705 4409 Non,
2763 4344 2961 4415 inquit,
3011 4348 3284 4404 audierunt
3326 4353 3524 4409 Mount

1930 4450 2035 4504 pra:
2054 4436 2287 4505 angustia
2309 4445 2353 4489 et
2374 4435 2628 4490 laboribus
2657 4438 2798 4491 duris
2824 4440 2976 4510 (Gen.
3018 4441 3069 4496 6.
3098 4440 3176 4513 9).
3205 4443 3317 4498 lloc
3344 4454 3523 4503 autem

1930 4526 2070 4580 haud
2101 4542 2288 4596 parum
2319 4527 2465 4581 illutn
2487 4527 2772 4597 aﬂligebat.
2798 4528 2867 4584 Ut
2895 4546 3026 4585 vero
3045 4531 3111 4586 ad
3130 4534 3278 4603 signa
3305 4544 3523 4591 ventum

1929 4627 2031 4683 est,
2057 4619 2252 4688 saepius
2281 4634 2307 4671 a
2341 4618 2623 4674 Pharaone
2652 4619 2873 4676 delusus
2910 4637 3029 4676 eam
3078 4624 3380 4681 irrisionetn
3410 4629 3523 4684 for-

1931 4713 2055 4765 titer
2086 4713 2224 4766 tulit.
2257 4712 2390 4765 Cum
2425 4728 2558 4767 vero
2598 4713 2854 4767 liberatus
2886 4715 3100 4770 tandem
3142 4733 3212 4772 ex
3262 4718 3521 4792 Egypto,

1928 4815 2089 4875 atque
2109 4822 2210 4861 una
2242 4821 2361 4859 eum
2393 4804 2715 4873 Judmisjam
2739 4805 2851 4861 fere
2868 4823 3087 4862 securus
3111 4811 3400 4877 videretur,
3430 4830 3523 4869 θη-

1929 4906 2141 4967 tequam
2187 4898 2343 4966 plene
2381 4896 2739 4965 respirasset,
2790 4897 2999 4965 priore,
3051 4899 3159 4952 itno
3198 4917 3327 4957 vero
3370 4904 3527 4973 longe

1927 4989 2169 5059 graviore
2196 4998 2339 5071 metu
2366 4997 2645 5057 correptus
2670 4997 2770 5043 est.
2794 4989 2893 5043 Vix
2937 4991 3079 5044 enim
3114 4994 3268 5047 tertia
3313 4994 3530 5050 efﬂuxe-

1928 5089 2012 5136 rat
2036 5081 2171 5147 dies,
2215 5074 2336 5136 cum
2379 5088 2600 5151 repente
2638 5081 2897 5136 barbaros
2921 5098 3112 5139 omnes
3137 5097 3375 5143 armatos
3408 5105 3533 5144 cct-

1930 5182 2062 5229 nunt
2097 5187 2259 5245 super
2293 5188 2352 5228 se
2396 5174 2633 5238 irt'ucrc;
2662 5182 2822 5243 atque
2848 5174 2989 5229 idem
3026 5181 3168 5246 passi
3205 5188 3353 5246 sunt,
3382 5182 3528 5250 quod

1929 5264 2134 5331 fugitivi
2158 5264 2469 5331 servi,dum
2501 5264 2552 5318 in
2576 5265 2748 5319 aliena
2779 5267 2997 5336 regione
3039 5280 3263 5337 repente
3283 5270 3531 5326 domino-

1930 5371 2047 5409 rum
2098 5355 2283 5410 oculos
2324 5355 2604 5410 olfendunt
2635 5373 2647 5411 :
2681 5358 2765 5412 vel
2807 5369 2954 5413 certe
2994 5361 3447 5429 quemadmodum
3482 5364 3527 5419 si

1929 5447 2005 5501 illi
2048 5448 2147 5518 ipsi
2188 5448 2476 5517 aliquando
2506 5450 2867 5505 somniassent
2912 5468 2971 5506 se
3008 5454 3203 5522 lauari,
3234 5465 3288 5510 et
3312 5472 3433 5512 esse
3462 5473 3524 5511 ea

1931 5540 2192 5594 servitute
2216 5539 2493 5607 liberatos,
2516 5556 2581 5595 ac
2604 5541 2819 5596 demum
2856 5548 3156 5614 experrecti
3189 5563 3249 5601 se
3277 5549 3327 5602 in
3355 5548 3522 5621 Egy-

1932 5640 2023 5701 pto
2046 5641 2104 5701 et
2146 5632 2198 5686 in
2228 5631 2430 5687 eisdem
2478 5633 2634 5687 maris
2664 5633 3015 5690 invenissent.
3052 5637 3163 5691 lmo
3190 5655 3318 5694 vero
3346 5647 3528 5697 nescio

1930 5723 2056 5789 quid
2082 5723 2154 5777 illi
2184 5723 2451 5778 somnium
2491 5734 2770 5795 reputassc
2805 5725 3148 5783 existimandi
3179 5740 3301 5785 sunt
3326 5730 3530 5798 potius,

1933 5817 2163 5872 tt'iduinc
2217 5816 2363 5870 illam
2407 5816 2798 5883 liberationem,
2846 5833 2913 5872 an
2965 5832 3284 5889 prmsentem
3337 5839 3517 5878 rerum
