4264 6312
740 376 845 430 4ῖὸ

749 488 936 542 faciem
967 486 1289 541 horrendam
1306 500 1367 538 ac
1392 484 1677 555 pavendum
1703 504 1713 537 :
1738 484 2061 538 tantaoculis
2085 482 2327 536 omnium

746 579 913 633 oflusa
954 589 1069 631 crat
1126 577 1372 630 mceroris
1414 576 1626 631 nebula.
1688 576 1893 630 Interea
1944 576 2118 629 Moses
2163 573 2329 627 multo

743 671 1033 741 majoribus
1062 671 1295 725 tenebris
1317 668 1518 723 ofl‘usus
1544 680 1679 724 erat.
1708 669 1823 723 Non
1845 669 1984 723 enim
2003 669 2146 722 solos
2164 667 2330 737 Egy-

742 764 1183 835 ptios‘metuebat,
1211 771 1266 815 ut
1290 763 1499 831 reliqui,
1519 768 1708 816 Verum
1735 762 1877 829 ipsos
1897 775 1999 813 una
2024 760 2288 814 Israelita;
2314 777 2327 813 :

744 871 969 929 utraque
985 860 1125 913 enim
1150 872 1283 926 gens
1311 857 1457 910 illum
1478 857 1587 925 jam
1630 863 1689 909 ut
1710 855 2047 909 seductorem
2070 870 2131 908 ac
2161 853 2329 907 versi-

722 950 935 1019 pellem
964 963 1277 1017 aggressura
1319 956 1473 1010 erat,
1520 946 1751 1017 Egyptii
1792 946 2003 1015 quidem
2044 945 2331 999 irridentes

742 1052 901 1110 atque
940 1040 1253 1093 invadentes
1280 1082 1294 1105 ,
1324 1038 1577 1093 Israelita:
1618 1052 1746 1091 vero
1773 1036 2059 1091 exulcerati
2090 1050 2151 1089 ac
2192 1049 2330 1088 mae.-

741 1147 862 1186 rore
887 1129 1134 1185 confecti.
1160 1129 1263 1185 Sed
1294 1128 1419 1198 quid
1446 1144 1530 1182 me
1560 1142 1778 1181 necesse
1802 1137 1882 1181 est
1909 1126 2120 1180 dolores
2151 1141 2320 1194 angu-

740 1226 977 1293 stiasque
1003 1223 1100 1275 viri
1137 1222 1461 1319 conjecturis
1505 1221 1775 1290 colligere,
1808 1236 1929 1275 cum
1966 1223 2232 1289 possimus
2258 1234 2325 1273 ex

742 1318 839 1371 ista
881 1319 989 1385 ipsa
1027 1312 1253 1383 superna
1298 1329 1428 1368 voce.
1469 1323 1718 1368 cunctum
1761 1312 1927 1381 ipsius
1963 1312 2203 1365 dolorem
2247 1315 2328 1369 in-

742 1407 1019 1477 telligere?
1050 1405 1265 1460 Tacenti
1306 1406 1447 1459 enim
1485 1404 1578 1468 illi,
1608 1420 1779 1471 neque
1823 1402 1955 1456 labia
1987 1402 2192 1471 aperire
2239 1417 2333 1455 au-

750 1498 919 1562 denti,
959 1498 1090 1551 dixit
1130 1497 1268 1550 Deus
1314 1512 1326 1547 :
1382 1494 1517 1559 Quid
1558 1494 1747 1546 clanius
1795 1494 1863 1545 ad
1909 1490 2199 1558 me(Ea:od.
2242 1492 2327 1544 Η.

708 1590 850 1658 ’15)
877 1589 901 1641 ?
928 1588 1211 1641 tumultum
1252 1584 1415 1639 animi
1460 1584 1625 1655 ipsius
1670 1584 1820 1638 nobis
1850 1583 1949 1637 hoc
1982 1583 2143 1637 verbo
2177 1583 2333 1652 signi-

743 1682 927 1737 ficans.

816 1783 871 1833 5.
910 1776 1110 1846 Moysis
1133 1788 1384 1828 wrunma:
1407 1772 1459 1825 in
1477 1771 1701 1826 deserto.
1723 1802 1790 1813 —
1812 1770 2002 1825 Postea
2024 1788 2146 1825 vero
2162 1788 2323 1842 quam

747 1872 794 1927 is
815 1879 975 1926 etiam
996 1868 1303 1922 solutnsest
1321 1872 1522 1927 metus,
1546 1865 1754 1929 majora
1777 1864 1971 1918 iterum
1999 1866 2327 1930 parabantur

744 1956 985 2007 adversa.
1017 1953 1144 2005 Nam
1171 1968 1261 2021 per
1291 1968 1448 2005 onme
1472 1950 1597 2004 illud
1622 1951 1720 2004 iter
1740 1951 1930 2003 suavius
1958 1958 2114 2017 atque
2131 1945 2327 2002 imma-

746 2046 863 2099 nius
894 2045 985 2097 illo
1014 2045 1091 2097 Usi
1133 2053 1255 2095 sunt
1282 2045 1314 2095 ii
1342 2042 1432 2111 qui
1464 2042 1531 2096 ab
1558 2057 1622 2095 eo
1648 2040 1969 2109 regebantur
1999 2040 2325 2093 innumeris-

745 2152 851 2204 que
894 2151 987 2204 per
1026 2134 1171 2187 illum
1207 2132 1359 2186 bonis
1392 2131 1721 2193 fruebantur,
1769 2146 1927 2200 quam
1956 2130 2166 2183 fecisset
2195 2129 2335 2182 Pha-

750 2244 841 2281 rao
874 2227 985 2296 ipse
1024 2234 1078 2279 et
1123 2223 1377 2295 Egyptii.
1426 2224 1502 2276 Ac
1538 2223 1764 2292 primum
1805 2221 2018 2291 quidem
2066 2218 2333 2273 instabant

748 2318 1114 2385 vehementius
1145 2317 1291 2370 illum
1320 2314 1663 2377 suffocantes,
1710 2312 2097 2384 Egyptiasque
2141 2312 2332 2365 carnes

746 2410 1097 2478 requirentes,
1121 2406 1413 2477 ingratique
1443 2404 1722 2475 pra‘sentia
1750 2403 2104 2467 fastidiebaut,
2126 2410 2180 2455 et
2200 2416 2334 2469 prte-

749 2501 903 2557 terita
936 2498 1313 2555 desiderabant
1345 2516 1357 2551 :
1388 2497 1530 2567 quod
1561 2504 1676 2551 erat
1706 2510 1834 2549 sane
1859 2494 2094 2547 omnium
2125 2492 2328 2562 gravis—

747 2594 959 2645 simum.
992 2589 1129 2655 Quid
1168 2590 1309 2643 enim
1350 2589 1453 2658 pati
1501 2602 1568 2656 po
1593 2596 1707 2641 erat
1754 2585 2017 2647 acerbius,
2060 2583 2103 2637 si
2151 2598 2332 2636 amen-

748 2682 878 2735 tium
912 2680 1391 2748 insanientiumque
1411 2677 1682 2731 hominum
1718 2676 1823 2729 dux
1853 2674 2175 2729 constitutus
2207 2672 2333 2727 fuis-

748 2774 873 2828 set?
920 2772 987 2826 Et
1032 2780 1206 2825 tamen
1232 2769 1408 2824 omnia
1440 2770 1625 2822 beatus
1654 2768 1740 2821 ille
1772 2766 1981 2820 fortiter
2025 2765 2249 2827 ferebat,
2280 2773 2333 2817 et

749 2866 848 2920 nisi
872 2866 989 2919 illos
1018 2879 1228 2918 summo
1258 2860 1451 2915 affectu
1470 2858 1772 2929 dilexisset,
1822 2856 2099 2910 tolerabile
2132 2856 2330 2907 malum

746 2966 862 3012 erat
908 2970 1030 3011 cum
1070 2970 1167 3024 pro
1213 2953 1325 3007 suis
1379 2959 1580 3005 tantum
1626 2948 1884 3002 doluisset
1914 2946 2161 3016 injuriis'
2212 2960 2331 2998 cum

749 3058 923 3103 autem
944 3061 1067 3115 erga
1098 3046 1217 3098 illos
1238 3059 1341 3097 non
1366 3057 1519 3096 secus
1539 3056 1698 3110 quam
1724 3048 1871 3109 pater
1900 3038 2224 3101 afﬁceretur,
2258 3052 2329 3090 ex

753 3143 853 3195 hoc
882 3138 1073 3194 affectu
1096 3137 1254 3191 aliain
1285 3151 1470 3190 rursus
1500 3133 1795 3187 molestiam
1815 3131 1995 3186 subire
2024 3131 2331 3200 cogebatur,

762 3245 954 3300 nempe
1000 3228 1068 3284 de
1105 3228 1313 3281 illorutn
1361 3224 1707 3295 perversitate
1747 3237 1809 3276 ac
1850 3223 2104 3291 neituitia.
2153 3220 2335 3289 Neque

749 3321 889 3375 enim
939 3329 1043 3373 tam
1090 3318 1236 3371 illum
1280 3314 1544 3384 angebant
1585 3312 1939 3376 contumeliae,
1989 3325 2145 3379 quam
2196 3309 2335 3379 quod

752 3412 827 3467 illi
874 3411 973 3481 ipsi
1016 3408 1385 3465 contumeliosi
1430 3415 1628 3461 essent.
1672 3404 1842 3459 Grave
1882 3403 2094 3472 quidem
2147 3417 2334 3457 revera

738 3492 925 3561 fuerat
968 3503 1126 3571 etiam
1169 3509 1289 3553 ante
1334 3498 1436 3553 cibi
1486 3498 1625 3551 illius
1663 3496 1959 3550 mirabilem
2002 3494 2337 3564 largitionem

756 3601 990 3668 ingratos
1015 3610 1134 3649 esse
1158 3610 1173 3658 ;
1213 3606 1396 3645 verum
1424 3590 1499 3644 illi
1526 3590 1688 3644 etiam
1719 3588 1856 3641 inter
1882 3587 2052 3641 media
2081 3585 2335 3640 miracula

756 3686 1042 3756 nequitiam
1070 3680 1423 3737 ostendebant
1451 3694 1622 3744 suam,
1654 3676 1983 3747 iniquitatem
2011 3686 2063 3730 et
2090 3674 2339 3729 infracna-

755 3792 860 3833 tam
886 3776 1210 3845 cupidinem,
1243 3788 1400 3842 quam
1441 3771 1752 3839 colligentes
1780 3782 1969 3825 manna
2002 3781 2111 3835 pra:
2154 3780 2212 3819 sc
2254 3765 2336 3819 fe-

756 3871 972 3933 rebant;
1027 3876 1185 3935 atque
1230 3879 1349 3918 cum
1412 3876 1594 3931 parum
1652 3858 2077 3928 processissent,
2154 3870 2338 3909 rursus

758 3960 1181 4022 murmurabaut,
1229 3970 1414 4011 rursus
1436 3953 1502 4007 de
1530 3952 1623 4006 Dei
1671 3951 1947 4005 beneficiis
1988 3949 2178 4019 ingra’ti
2208 3963 2340 4018 que-

756 4054 1027 4109 rebantur.
1069 4049 1202 4103 Cum
1225 4061 1351 4100 vero
1385 4060 1479 4115 per
1503 4042 1709 4112 singula
1754 4042 1987 4110 quotidie
2031 4050 2334 4111 peccarent,

757 4146 942 4200 beatus
969 4143 1057 4195 ille
1080 4140 1292 4208 lugebat
1315 4137 1428 4206 plus
1466 4151 1622 4203 quam
1656 4133 1729 4187 illi
1769 4143 2008 4187 mmstus.
2040 4133 2170 4187 Nam
2215 4148 2336 4187 cum

758 4237 975 4290 vitulum
1006 4233 1264 4295 fecerunt,
1318 4229 1414 4298 ipsi
1443 4227 1655 4297 quidem
1697 4225 1949 4279 ludebant
1995 4241 2057 4279 ac
2095 4226 2337 4279 lascivie-

760 4329 907 4393 bant,
938 4325 1111 4379 Moses
1132 4332 1307 4375 autem
1336 4321 1519 4388 lugens
1549 4332 1611 4371 ac
1641 4331 1873 4371 maerore
1910 4316 2151 4381 affectus,
2176 4318 2341 4372 male-

759 4419 958 4473 dictum
989 4412 1113 4467 illud
1138 4410 1370 4466 terribile
1398 4408 1496 4462 sibi
1529 4407 1939 4475 imprecabatur,
1973 4406 2207 4476 nihilque
2223 4423 2341 4460 om-

760 4510 887 4562 nino
929 4506 1023 4576 ipsi
1045 4501 1363 4575 persuadere
1387 4507 1611 4569 poterat,
1640 4508 1741 4552 uta
1774 4498 2127 4553 miserationis
2154 4498 2342 4553 affectu

758 4602 1068 4655 abstineret.
1098 4596 1230 4650 Cum
1253 4593 1409 4663 igitur
1429 4592 1507 4645 sic
1530 4591 1750 4645 dilectos
1768 4588 1819 4643 in
1842 4589 2108 4644 deteriora
2133 4604 2344 4657 semper

761 4692 1005 4765 progredi
1044 4688 1399 4757 conspiceret,
1432 4692 1629 4754 quanto
1656 4683 1804 4736 illum
1836 4683 1889 4736 in
1918 4682 2122 4749 dolore,
2152 4683 2344 4751 quibus

762 4786 1010 4856 Iacrymis
1040 4781 1234 4852 jugiter
1266 4787 1533 4833 versatum
1563 4774 1761 4845 putas?
1786 4773 1841 4827 Si
1870 4773 2012 4827 enim
2036 4788 2197 4827 unmn
2226 4774 2346 4842 quis

760 4873 965 4931 tantum
993 4872 1195 4926 habens
1226 4868 1390 4921 filium
1418 4865 1599 4920 vivere
1626 4866 1743 4920 sine
1783 4862 1971 4918 dolore
2006 4880 2110 4918 non
2148 4872 2342 4933 potest,

759 4984 878 5021 cum
899 4967 1043 5019 illum
1067 4976 1277 5029 semper
1300 4960 1350 5013 iu
1374 4957 1498 5012 vitia
1518 4972 1740 5027 pronum
1764 4955 2157 5021 animadvertit,
2183 4958 2342 5010 etiam

761 5060 803 5112 si
836 5059 948 5128 ipse
989 5053 1237 5108 omnibus
1264 5049 1488 5119 nequior
1512 5051 1582 5102 sit
1611 5066 1624 5112 ;
1656 5049 1701 5102 is
1726 5048 1815 5117 qui
1847 5057 1925 5101 tot
1969 5050 2131 5102 millia
2172 5048 2343 5103 homi-

763 5163 888 5202 num
917 5146 967 5199 iu
998 5144 1225 5197 ﬁliorum
1258 5141 1443 5194 ordine
1468 5140 1754 5203 locaverat,
1782 5138 1890 5193 imo
1909 5153 2037 5192 vero
2068 5140 2344 5207 plusquam

764 5242 900 5296 filios
928 5237 1137 5292 amabat
1165 5234 1375 5309 (nullus
1412 5233 1553 5286 enim
1581 5242 1749 5300 pater,
1786 5232 1921 5286 sicut
1948 5230 2057 5297 ille,
2088 5247 2209 5286 cum
2243 5232 2348 5285 [ilio

764 5348 867 5385 una
898 5330 1071 5397 perire
1100 5327 1265 5395 cupit,
1285 5340 1403 5379 cum
1425 5324 1695 5394 praecipue
1729 5322 1858 5376 nihil
1884 5324 2205 5393 peccaverit)
2237 5340 2249 5385 ;
2280 5325 2344 5389 is,

764 5425 1001 5493 inquam,
1024 5420 1112 5491 qui
1137 5426 1213 5472 tot
1235 5416 1461 5470 habebat
1479 5415 1634 5477 filios,
1662 5414 1796 5467 mala
1824 5428 2098 5477 aversans,
2125 5429 2187 5469 ac
2212 5414 2349 5469 bona

764 5514 1001 5571 studiose
1027 5512 1282 5583 diligens,
1301 5508 1424 5577 quid
1456 5520 1644 5576 passus
1669 5520 1787 5559 esse
1819 5504 2081 5574 putandus
2101 5514 2204 5567 est,
2229 5522 2348 5559 cum

765 5621 862 5661 eos
896 5615 1106 5666 omnes,
1133 5598 1296 5653 veluti
1339 5613 1403 5651 ex
1431 5596 1657 5666 quodam
1704 5596 1970 5661 condicto,
2008 5596 2075 5651 ad
2104 5597 2351 5651 vitiorum

769 5695 1055 5768 praecipitia
1085 5707 1299 5747 currere
1331 5689 1668 5745 intueretur?
1690 5688 1871 5759 Neque
1906 5689 2047 5743 enim
2076 5690 2177 5743 nisi
2205 5699 2351 5744 tene-

768 5790 877 5846 bris
917 5786 1118 5844 oﬁ‘usus
1146 5782 1427 5853 animaque
1451 5798 1515 5837 ex
1559 5779 1747 5836 intimo
1788 5780 1992 5837 doloris
2021 5796 2183 5838 sensu
2214 5782 2349 5837 calin

1480 369 1534 426 S.
1574 370 1847 428 JOANNIS
1883 365 2348 427 CIIRYSOSTIMII
2385 367 2701 425 ARCIIIEP.
2742 369 3275 427 CONSTANTINOP.

3927 375 4031 430 ιτσ

2439 484 2559 552 gine
2584 484 2815 547 turbata,
2848 487 3052 540 tabulas
3089 488 3155 541 de
3186 489 3427 543 manibus
3456 505 3703 560 umquam
3744 490 4037 560 abiecisset

2438 584 2596 644 atque
2626 576 2985 631 contrivisset.
3025 579 3130 633 Sed
3174 580 3283 634 cito
3310 582 3487 636 clades
3538 584 3619 637 illa
3651 584 3833 639 sedata
3874 584 3941 637 ab
3979 600 4042 639 eo

2438 677 2540 720 est.
2585 668 2850 735 Quonam,
2883 684 3084 738 qureso,
3114 672 3395 726 remedio?
3422 672 3622 743 Nempe
3643 677 3785 728 enim
3817 678 4040 728 etiamsi

2438 758 2727 814 curationis
2756 759 2845 814 illo
2870 776 3068 830 genere
3103 772 3344 815 sanatum
3375 762 3533 817 fuerit
3562 765 3777 829 vulnus,
3810 766 3924 833 ipse
3962 774 4043 818 ta-

2437 866 2558 905 men
2589 860 2704 906 er'tt
2734 868 2945 920 semper
2986 852 3037 905 in
3091 852 3357 915 lacrvmis.
3402 852 3588 906 Nullus
3636 855 3777 908 enim
3815 855 3926 909 fere
3960 854 4037 907 ita

2438 951 2581 996 esset
2607 942 2863 1011 lapideus,
2897 944 2983 1011 qui
3009 943 3136 997 ni'iil
3168 953 3436 1010 pateretur
3463 942 3654 998 fratres
3691 956 3743 999 et
3769 955 4033 1015 cognatos

2438 1047 2465 1086 a
2498 1034 2609 1087 suis
2630 1033 2877 1097 interfici,
2908 1044 3067 1103 atque
3094 1036 3159 1087 ad
3192 1035 3371 1103 viginti
3408 1035 3564 1088 trium
3590 1035 3812 1089 millium
3839 1053 4034 1091 nume-

2438 1142 2555 1180 rum
2603 1142 2718 1180 eam
2750 1127 2950 1181 easdem
2994 1127 3238 1197 progredi
3277 1128 3631 1197 conspiciens.
3678 1128 3786 1183 Nos
3828 1130 4035 1198 quippe

2437 1235 2558 1274 cum
2588 1221 2784 1275 liberos
2814 1232 3024 1274 nostros
3072 1221 3122 1274 in
3160 1220 3339 1288 aliquo
3381 1236 3629 1289 peccasse
3672 1221 4037 1289 deprehendi-

2439 1326 2575 1376 mus,
2602 1314 2880 1366 tormentis
2909 1312 3121 1380 quidem
3164 1326 3225 1365 ac
3252 1312 3429 1381 flagris
3457 1312 3573 1366 illos
3595 1310 3875 1366 subdimus
3902 1330 3915 1363 :
3948 1327 4033 1365 vc-

2438 1420 2555 1457 rum
2586 1404 2637 1457 id
2664 1420 2770 1457 non
2797 1405 2912 1458 sine
2934 1404 3119 1457 dolore
3147 1402 3391 1468 facimus,
3426 1418 3521 1457 nec
3543 1403 3717 1457 minus
3741 1419 3901 1473 quam
3938 1404 4034 1472 qui

2439 1498 2707 1566 patiuntur
2722 1496 3029 1565 afﬂigimur.
3528 1498 3535 1505 ’

2507 1590 2561 1643 4.
2594 1588 2709 1641 Alia
2742 1588 3063 1641 tribulatione
3091 1596 3137 1639 et
3165 1602 3376 1640 interere
3409 1585 3610 1657 Moyses
3638 1586 3923 1639 diuexatur.
3956 1615 4029 1625 —-

2437 1681 2569 1735 Cum
2598 1696 2727 1751 ergo
2753 1690 2805 1734 et
2834 1680 2979 1733 illum
3009 1688 3064 1733 et
3084 1690 3255 1733 castra
3284 1679 3545 1732 maximus
3574 1678 3745 1731 luctus
3770 1692 4034 1743 occupas-

2438 1781 2553 1835 set,
2597 1771 2697 1823 alia
2745 1784 2930 1824 rursus
2973 1770 3216 1823 anxietas
3256 1769 3461 1837 adjecta
3492 1775 3592 1821 est.
3628 1768 3766 1821 Deus
3794 1768 3937 1821 enim
3970 1782 4033 1819 se

2439 1882 2542 1919 non
2571 1865 2680 1934 jam
2708 1864 2810 1917 illis
2832 1864 3180 1934 parciturum,
3206 1861 3297 1916 sed
3320 1875 3415 1915 eos
3437 1859 3841 1923 derelicturum,
3867 1873 4037 1926 auge-

2441 1958 2598 2028 loque
2640 1956 2889 2010 daturum
2932 1955 3141 2008 illorum
3190 1967 3371 2005 curam
3414 1950 3731 2003 minabatur.
3781 1948 3836 2002 Id
3898 1965 4033 2001 vero

2439 2048 2569 2103 Mosi
2599 2050 2769 2102 visum
2801 2058 2883 2101 est
2914 2046 3148 2099 omnium
3179 2043 3600 2098 acerbissimum.
3634 2040 3765 2094 Audi
3798 2057 4037 2109 namque

2438 2138 2565 2209 quid
2596 2139 2681 2192 ille
2712 2138 2777 2192 ad
2808 2138 2970 2191 Deum
3001 2136 3248 2206 loquutus
3278 2135 3347 2188 sit
3389 2153 3401 2188 :
3438 2132 3557 2186 Nisi
3586 2135 3692 2201 ipse
3720 2134 3888 2185 venias
3920 2148 4035 2181 nte-

2438 2246 2552 2282 cum
2573 2272 2588 2295 ,
2630 2245 2690 2282 ne
2734 2228 2918 2281 educas
2949 2244 3027 2280 me
3067 2227 3183 2278 hinc
3211 2223 3417 2295 (Exod.
3442 2224 3531 2278 55.
3565 2221 3683 2294 15).
3717 2221 3949 2277 Videsne
3977 2231 4038 2273 ut

2439 2319 2719 2374 timoribus
2763 2319 3001 2384 timores,
3049 2330 3415 2384 mcerorcsque
3457 2313 3777 2368 mmroribus
3817 2328 4039 2381 semper

2438 2409 2838 2465 successerint?
2886 2408 3066 2477 Neque
3108 2416 3288 2461 tamen
3330 2406 3587 2461 hactenus
3625 2413 3889 2458 steterunt
3932 2403 4034 2457 ad-

2440 2516 2590 2555 versa
2615 2542 2630 2566 ,
2660 2515 2843 2554 verum
2873 2514 2994 2553 cum
3025 2494 3319 2568 idquoque
3362 2498 3714 2566 persuasisset
3742 2496 3853 2550 Deo
3873 2536 3887 2561 ,
3930 2511 4036 2549 an-

2439 2592 2747 2662 nuissetque
2792 2592 2881 2646 ille
2925 2589 3261 2655 clementius,
3299 2604 3363 2645 ac
3407 2590 3740 2659 prmstitisset
3779 2588 4033 2658 gratiam,

2439 2686 2557 2739 aliis
2584 2699 2767 2739 rursus
2796 2685 3070 2740 doloribus
3097 2684 3367 2754 afﬂigitur.
3401 2683 3567 2737 Deum
3592 2681 3701 2751 jam
3740 2681 4035 2749 prOpitiuni

2442 2776 2516 2830 illi
2546 2778 2849 2842 irritantes,
2897 2790 3016 2831 sese
3061 2776 3285 2848 summis
3311 2774 3718 2828 calamitatibus
3761 2788 4036 2842 exposue-

2440 2876 2562 2920 runt
2589 2884 2600 2919 :
2632 2881 2752 2920 nam
2782 2875 2902 2935 post
2921 2865 3121 2921 cuidem
3153 2866 3297 2919 illam
3322 2864 3740 2935 Iaerymabilem,
3766 2864 3838 2917 ita
3864 2864 4035 2923 Deum

2439 2949 2625 3013 rur'sus
2653 2957 3006 3021 offenderunt,
3039 2967 3094 3011 ut
3119 2965 3305 3011 contra
3335 2971 3392 3010 se
3419 2955 3719 3010 incendium
3753 2955 3881 3009 illud
3910 2970 4041 3025 pro-

2443 3057 2716 3112 vocarent,
2750 3064 2815 3102 ex
2858 3063 2963 3117 quo
3007 3061 3196 3102 omnes
3238 3030 3348 3101 fere
3390 3048 3693 3116 consumpti
3722 3048 4038 3115 periissent,

2442 3138 2543 3192 nisi
2569 3152 2776 3191 summa
2798 3152 2921 3207 erga
2964 3138 3082 3191 illos
3118 3136 3398 3191 clementia
3438 3152 3562 3191 usus
3584 3147 3724 3192 esset
3750 3139 3787 3190 ¹.
3832 3137 4038 3192 Mosem

2411 3240 2571 3283 'vero
2598 3228 2793 3297 duplex
2825 3243 3036 3297 semper
3066 3228 3316 3282 mmsiitia
3362 3230 3588 3297 augebat
3610 3269 3623 3289 ,
3656 3229 3795 3297 quod
3826 3239 3879 3282 et
3914 3230 4040 3282 illos

2442 3324 2638 3396 perire,
2672 3332 2723 3376 et
2752 3322 2985 3389 reliquos
3013 3320 3207 3390 corrigi
3236 3321 3396 3385 nolle,
3430 3320 3668 3389 nihilque
3704 3336 3769 3375 es
3803 3337 4042 3388 pereun-

2445 3415 2573 3467 tium
2596 3413 2805 3467 casibus
2833 3412 3025 3466 lucrari
3052 3413 3407 3480 conspiceret.
3430 3411 3667 3466 Necdum
3692 3412 3831 3465 enim
3856 3412 4043 3468 clades

2444 3503 2529 3556 illa
2560 3502 2717 3556 ﬁnem
2744 3511 3043 3571 acceperat,
3069 3516 3191 3556 cum
3223 3501 3255 3553 ii
3283 3502 3371 3569 qui
3401 3501 3587 3571 reliqui
3619 3500 3844 3565 fuerant,
3877 3517 4041 3571 cepa-

2444 3611 2561 3649 rum
2590 3609 2876 3656 memores,
2901 3594 3052 3647 datas
3078 3594 3177 3648 sibi
3217 3608 3369 3647 escas
3399 3609 3539 3662 a'gre
3583 3592 3823 3648 ferebant
3851 3594 4043 3647 dicen-

2444 3696 2524 3741 tes
2566 3704 2578 3739 :
2627 3687 2750 3753 Quis
2796 3702 2888 3739 nos
2938 3685 3118 3738 cibabit
3163 3686 3444 3739 carnibus?
3487 3684 3836 3738 Rccordmnur
3879 3687 4045 3754 pisces

2442 3796 2568 3849 quos
2607 3780 2657 3832 in
2690 3777 2918 3848 ZEgypm
2962 3778 3373 3840 comedebumus,
3416 3794 3803 3846 cucumeresque
3849 3789 3895 3830 et
3948 3795 4043 3843 pc-

2446 3887 2599 3940 pones
2641 3880 2686 3923 et
2720 3886 2895 3938 porros
2931 3879 2977 3921 ct
3021 3886 3172 3939 cepas
3206 3880 3250 3923 ct
3279 3870 3423 3922 allia.
3476 3868 3628 3922 Nunc
3671 3880 3836 3921 autem
3868 3870 4047 3921 anima

2448 3970 2621 4012 nostra
2645 3960 2844 4025 arescit,
2868 3959 3092 4027 nihilque
3117 3960 3253 4013 oculi
3274 3961 3433 4012 nostri
3452 3960 3707 4012 intuentur
3727 3960 3825 4013 nisi
3851 3976 4045 4012 nimum

2452 4049 2758 4120 (Num.H.
2790 4051 2868 4118 5).
2903 4050 2999 4104 Ilic
3023 4050 3134 4119 jam
3166 4066 3270 4104 non
3306 4050 3422 4103 tulit
3450 4051 3682 4120 ingratos
3707 4050 3905 4115 Moses,
3933 4051 4045 4105 imo

2447 4158 2575 4196 vero
2606 4142 2793 4198 dolore
2823 4153 3107 4213 superatus
3136 4144 3343 4197 illorum
3370 4144 3606 4212 regimen
3641 4151 3852 4197 recusat
3879 4185 3893 4207 ,
3921 4157 4046 4197 mo-

2449 4236 2599 4305 rique
2625 4244 2773 4304 optat
2801 4236 2976 4304 potius
3006 4250 3164 4304 quam
3195 4235 3247 4287 in
3278 4245 3419 4287 tanta
3453 4234 3805 4289 amaritudine
3835 4234 4043 4288 vivere.

2448 4327 2585 4379 Audi
2625 4325 2854 4394 denique
2899 4325 3064 4395 ipsius
3098 4324 3255 4379 verba
3286 4342 3299 4377 :
3336 4324 3399 4377 Et
3430 4326 3589 4389 dixit,
3635 4325 3838 4395 inquit,
3873 4324 4049 4379 Moses

2447 4418 2515 4469 ad
2544 4417 2709 4470 Deum
2741 4434 2758 4470 :
2791 4418 2960 4483 Quare
2988 4418 3215 4487 aﬂiixisti'
3238 4434 3436 4471 servum
3466 4428 3628 4483 tuum,
3657 4428 3704 4471 ct
3733 4434 3895 4487 quare
3942 4436 4049 4472 non

2448 4511 2615 4564 inveni
2637 4511 2855 4581 gratiam
2882 4525 3051 4563 coram
3075 4519 3141 4575 te,
3167 4518 3218 4561 ut
3247 4509 3528 4577 imponeres
3553 4510 3796 4579 impetum
3823 4509 4050 4564 universi

2452 4602 2628 4671 populi
2668 4603 2820 4670 hujus
2864 4617 3018 4669 super
3060 4602 3179 4654 me?
3210 4599 3347 4652 Num
3376 4617 3467 4670 ego
3494 4601 3545 4653 in
3576 4611 3717 4655 utero
3740 4602 3917 4671 accepi
3937 4619 4053 4655 om-

2452 4712 2562 4748 nem
2601 4694 2842 4763 pOpulum
2878 4694 3029 4746 istum
3050 4734 3065 4758 ,
3095 4704 3183 4745 aut
3219 4693 3369 4762 genui
3395 4711 3535 4756 eum,
3570 4695 3690 4759 quia
3727 4695 3850 4747 mihi
3893 4695 4047 4759 dicis,

2452 4787 2636 4855 Accipe
2678 4786 2823 4839 illum
2852 4786 2905 4838 in
2944 4785 3061 4837 sinu
3103 4793 3223 4847 tuo,
3270 4784 3421 4837 veluti
3460 4786 3633 4837 nutrix
3660 4786 3959 4848 lactentem,
3995 4786 4052 4839 in

2454 4887 2638 4931 terram
2663 4892 2811 4945 quam
2830 4875 3005 4947 juravi
3032 4876 3260 4944 patribus
3286 4874 3502 4928 eorum?
3534 4873 3680 4929 Unde
3700 4874 3821 4926 milii
3844 4890 4058 4944 carnes,

2454 4978 2508 5021 ut
2532 4970 2642 5021 dem
2669 4968 2806 5020 omni
2833 4966 3023 5035 populo
3048 4966 3150 5030 isti,
3175 4967 3293 5035 quia
3318 4966 3442 5035 ﬂent
3469 4967 3734 5019 adversum
3760 4981 3839 5018 me
3867 4966 4019 5020 dicen

2455 5072 2525 5117 tes
2550 5079 2566 5116 :
2594 5062 2674 5115 Da
2701 5061 2843 5115 nobis
2872 5075 3049 5114 carnes
3080 5068 3132 5113 ut
3161 5060 3482 5113 comedamus
3504 5060 3529 5111 .9
3559 5058 3677 5111 Non
3707 5068 3882 5127 potero
3915 5058 4058 5127 ferre

2458 5155 2698 5225 papulum
2730 5154 2881 5205 istum
2922 5152 3087 5217 solus,
3129 5150 3369 5219 quoniam
3399 5166 3550 5219 grave
3579 5149 3702 5201 milii
3740 5158 3812 5202 est
3842 5148 4057 5203 uerbum

2457 5247 2569 5300 hoc.
2601 5246 2750 5311 Quod
2780 5246 2824 5299 si
2854 5261 2953 5297 non
2984 5246 3052 5297 ita
3084 5245 3213 5314 facis
3238 5244 3381 5307 mihi,
3413 5243 3637 5308 obsecro,
3672 5243 3843 5296 occide
3874 5259 3973 5307 me,
4012 5245 4058 5297 si

2458 5339 2621 5392 inveni
2660 5340 2877 5408 gratiam
2912 5354 3083 5391 coram
3122 5347 3170 5390 te
3205 5335 3396 5404 (Num.
3427 5337 3515 5390 II.
3548 5332 3761 5404 11-15).
3810 5335 3911 5389 Ista
3962 5337 4059 5391 ille

2458 5430 2707 5501 loquutus
2736 5438 2854 5495 est,
2895 5429 2985 5499 qui
3014 5428 3229 5482 dixerat
3260 5444 3272 5480 :
3307 5426 3370 5480 Et
3401 5443 3533 5481 nunc
3560 5426 3809 5495 siquidem
3838 5426 4059 5480 dimittis

2459 5523 2530 5577 eis
2575 5532 2867 5589 peccatum,
2900 5521 3094 5575 dimitte
3125 5520 3247 5577 :sin
3292 5504 3494 5586 autem,
3541 5519 3653 5573 dele
3694 5534 3774 5571 me
3819 5518 3883 5573 de
3924 5517 4059 5571 libro

2463 5630 2608 5682 quem
2637 5613 2883 5695 scripsisti
2926 5611 3137 5681 (Exod.
3178 5610 3264 5668 52.
3310 5609 3409 5682 52)
3437 5628 3448 5663 :
3479 5610 3614 5665 adeo
3659 5610 3809 5665 illum
3854 5630 4070 5672 nueror

2527 5729 2543 5759 ι
2579 5728 2649 5791 sic
2672 5726 2810 5775 Savil.
2838 5728 2886 5776 in
2906 5728 3153 5790 margine;
3180 5729 3227 5778 in
3258 5726 3468 5791 reliquis
3488 5725 3591 5775 lucc
3621 5720 3790 5783 verba,
3815 5717 4068 5773 nisi.......

2459 5797 2601 5855 esset,
2619 5789 2815 5840 desunt.
