4264 6312
237 409 341 463 477

238 519 666 591 perturbaverat.
695 514 845 585 Quod
875 523 930 570 et
956 522 1202 584 parentes
1229 524 1371 580 saepe
1400 509 1690 579 patiuntur,
1714 521 1834 562 cum

238 612 306 667 iis
336 610 676 680 indignantur
704 622 822 677 qua:
848 621 877 659 a
909 604 1028 658 ﬁliis
1053 603 1204 658 liunt.
1235 600 1367 654 Nam
1401 598 1543 669 quod
1569 611 1667 651 nec
1694 605 1841 667 post-

239 717 305 757 ea
357 715 607 770 umquam
643 698 862 754 desierit
920 695 1131 749 illorum
1173 691 1446 758 misereri,
1477 690 1642 760 liquet
1682 688 1841 743 exiis

246 810 367 865 qute
396 802 579 864 postea
622 791 805 861 gessit.
835 788 970 844 Cum
1000 787 1144 841 enim
1191 785 1339 839 illum
1369 792 1492 853 post
1519 782 1713 837 missos
1741 795 1839 835 ex-

249 886 549 956 ploratores
599 880 846 937 occidere
893 884 1194 942 tentarent,
1246 878 1529 946 ipsumque
1573 871 1838 942 lapidibus

239 979 493 1038 obruere,
521 972 778 1043 effugiens
806 970 1018 1025 illorum
1046 981 1257 1033 manus,
1281 980 1470 1020 rursus
1490 963 1556 1018 ad
1577 962 1837 1017 orandum

243 1068 343 1139 pro
368 1068 447 1122 eis
470 1064 910 1127 convertebatur,
944 1061 1217 1129 Deumque
1247 1057 1349 1112 illis
1377 1055 1664 1127 propitium
1698 1053 1836 1118 ﬁeri,

240 1161 334 1233 qui
365 1176 424 1215 se
445 1174 657 1215 'necare
698 1155 1024 1227 cupiebant,
1058 1153 1374 1226 precabatur
1404 1167 1417 1203 :
1448 1148 1584 1203 adeo
1626 1159 1840 1217 quoque

243 1254 473 1308 naturali
505 1267 690 1306 amore
720 1248 1088 1305 vehementior
1128 1245 1202 1300 illi
1247 1245 1418 1299 inerat
1459 1240 1697 1296 affectus.
1731 1237 1837 1293 Ita-

242 1361 348 1415 que
376 1341 805 1413 exploratoribus
835 1338 1083 1403 mortuis,
1112 1351 1175 1391 ac
1203 1333 1431 1405 ingentis
1456 1329 1629 1385 adhuc
1666 1327 1840 1381 luctus

244 1435 475 1491 necdum
516 1434 649 1488 hora
695 1430 1000 1502 prmterita,
1033 1440 1219 1481 rursus
1266 1425 1342 1479 illi
1382 1423 1515 1477 alias
1553 1418 1841 1474 nectebant

243 1526 496 1583 mteroris
522 1538 734 1580 causas.
766 1522 947 1577 Primo
969 1520 1112 1575 enim
1141 1530 1378 1588 pugnare
1408 1510 1711 1584 prohibenti
1732 1524 1838 1565 non

242 1616 773 1686 obtemperaverunt,
794 1610 1031 1668 secundo
1052 1609 1120 1663 ab
1137 1605 1450 1663 Amalecitis
1467 1602 1668 1660 concisi
1690 1608 1836 1669 sunt,

241 1718 299 1765 et
326 1719 451 1764 ante
487 1707 683 1763 bellum
714 1704 856 1760 istud
882 1711 937 1758 et
978 1701 1100 1757 bilis
1130 1709 1184 1755 et
1226 1698 1363 1770 gulze
1407 1710 1565 1752 causa
1608 1694 1841 1748 maxime

241 1800 546 1870 consumpti
571 1808 713 1853 sunt.
743 1795 882 1851 Nam
912 1793 1117 1859 accidit,
1141 1791 1333 1861 inquit,
1366 1788 1612 1860 plurimos
1641 1801 1836 1849 eorum,

242 1911 359 1950 cum
387 1894 556 1947 adhuc
602 1907 717 1946 esca
761 1898 887 1944 esset
930 1889 985 1941 in
1026 1903 1114 1941 ore
1157 1900 1331 1939 eorum
1370 1880 1559 1955 (Psal.
1588 1878 1677 1933 ‘77.
1706 1877 1837 1948 50).

245 1985 450 2056 Ingenti
490 1992 666 2037 autem
700 1984 801 2035 hac
841 1980 1050 2034 illorum
1081 1974 1228 2031 crede
1254 1975 1525 2043 inSpecta,
1555 1985 1677 2024 cum
1707 1984 1839 2024 nec-

243 2078 372 2134 dum
406 2080 491 2132 hic
516 2076 670 2132 dolor
694 2074 1003 2146 quiet-isset,
1032 2070 1137 2125 alio
1164 2082 1349 2123 rursus
1379 2065 1644 2120 invaditur
1670 2064 1835 2128 luctu,

242 2182 497 2242 tantaque
544 2169 863 2225 necessitate
911 2164 1231 2236 constrictus
1271 2170 1386 2223 est,
1421 2168 1477 2213 ut
1520 2158 1651 2213 istos
1694 2157 1839 2226 ipsos

241 2272 350 2318 tam
382 2262 604 2317 dilectos
642 2268 800 2329 atque
849 2256 1207 2311 amatissimos
1248 2265 1388 2307 novo
1418 2250 1595 2320 aliquo
1621 2263 1682 2303 ac
1713 2263 1838 2318 per-

241 2355 427 2425 egrino
458 2353 645 2407 mortis
685 2365 882 2421 genere
910 2349 1072 2402 vitam
1106 2346 1256 2400 linire
1290 2334 1619 2415 precaretur.
1647 2340 1723 2395 lta
1748 2339 1839 2394 alii

240 2446 458 2516 quidam
498 2450 813 2513 erumpente
842 2441 961 2510 igne
1000 2433 1226 2507 repenlc
1265 2434 1514 2491 incendio
1539 2431 1837 2502 conflagra-

241 2546 472 2601 verunt,
504 2537 591 2590 alii
624 2546 781 2590 terra:
819 2533 965 2587 hiatu
996 2530 1235 2599 absorpti
1277 2538 1438 2583 sunt:
1468 2540 1640 2597 neque
1683 2525 1837 2595 pauci

242 2629 483 2699 aliquot,
516 2627 609 2681 sed
638 2627 786 2696 plura
815 2640 973 2695 quam
1005 2620 1309 2693 quindecim
1353 2618 1628 2673 hominum
1671 2616 1838 2671 millia

242 2721 346 2776 ista
374 2720 516 2789 passi
546 2726 689 2773 sunt.
724 2717 838 2773 Hoc
866 2722 1081 2785 peracto
1102 2755 1116 2778 ,
1146 2728 1252 2782 quo
1290 2712 1469 2766 animo
1500 2710 1709 2764 illorum
1742 2722 1838 2764 co-

240 2823 432 2883 gnatos
474 2820 527 2865 et
565 2810 766 2863 amicos
792 2808 1079 2861 adversum
1106 2805 1308 2859 Mosem
1340 2802 1505 2857 fuisse
1544 2800 1838 2871 putandum

240 2903 363 2958 est?
406 2916 513 2972 quo
557 2900 684 2955 item
712 2900 913 2954 Mosem
944 2898 1119 2967 ipsum
1153 2910 1273 2950 cum
1318 2902 1564 2949 cerneret
1607 2893 1839 2962 pupillos

242 2993 383 3047 filios
408 3002 462 3047 et
491 3006 683 3045 uxores
715 2990 901 3045 viduas
929 3004 992 3043 ex
1025 3003 1087 3042 ea
1118 2985 1421 3040 calamitate
1450 2982 1566 3037 ﬁeri
1597 2982 1836 3047 videret;

243 3085 371 3140 item
404 3084 623 3138 fratrem
651 3098 806 3137 suum
836 3096 897 3135 ac
927 3092 1166 3133 sororem
1194 3076 1301 3130 vita
1327 3074 1645 3139 excessisse,
1670 3074 1843 3129 illius-

245 3192 352 3249 que
380 3177 516 3231 ﬁlios
547 3173 1001 3246 praevaricationis
1024 3170 1249 3240 alicujus
1278 3184 1439 3224 causa
1466 3168 1605 3239 ignis
1631 3166 1841 3221 ustione

245 3269 507 3341 periisse?
540 3268 741 3322 llorum
776 3280 905 3320 sane
942 3265 1149 3335 singula
1179 3262 1310 3317 nihil
1340 3262 1503 3317 etiam
1528 3268 1681 3315 antea
1713 3273 1840 3328 per-

244 3358 460 3431 pessum
500 3360 736 3415 animam
779 3358 995 3412 afﬁcere
1038 3356 1226 3409 dolore
1270 3353 1603 3424 potuissent,
1647 3348 1841 3404 nedum

248 3464 326 3509 tot
348 3456 456 3525 jam
488 3454 643 3508 malis
681 3454 994 3508 exercitum.
1030 3450 1100 3505 Ut
1138 3458 1315 3503 autem
1347 3446 1651 3502 Chananreo
1679 3459 1841 3513 supe-

247 3560 364 3604 rato
392 3550 609 3619 longum
636 3549 736 3603 iter
762 3545 1049 3602 circumire
1078 3544 1427 3614 cogebantur,
1456 3553 1669 3594 rursum
1697 3553 1843 3591 mur-

246 3640 527 3697 muravcre
549 3640 742 3705 Judsei,
768 3651 1089 3707 rursumque
1112 3635 1337 3705 periere,
1364 3647 1469 3687 non
1494 3631 1603 3701 jam
1626 3628 1841 3700 quidem

248 3735 451 3789 morbis
479 3742 535 3788 ut
565 3733 733 3802 prius,
762 3747 866 3786 non
894 3732 1014 3801 igne
1042 3738 1132 3783 aut
1162 3729 1308 3781 hiatu
1338 3734 1493 3781 terrm.
1513 3764 1527 3791 ,
1557 3723 1651 3778 sed
1680 3736 1843 3776 vene-

248 3837 494 3883 natorum
527 3825 859 3896 serpentium
902 3823 1203 3888 morsibus,
1251 3819 1342 3890 qui
1383 3818 1620 3889 profecto
1657 3829 1845 3869 omnes

249 3921 641 3991 perdidissent,
675 3918 775 3973 nisi
821 3932 1007 3973 rursus
1048 3914 1309 3970 accedens
1350 3912 1415 3966 ad
1458 3912 1625 3965 Deum
1670 3909 1845 3963 Moses

250 4013 497 4081 precibus
524 4012 635 4067 suis
662 4011 778 4081 ejus
808 4010 1089 4063 avertisset
1119 4007 1273 4061 iram.
1304 4004 1495 4059 Postea
1526 4017 1653 4055 vero
1684 4016 1844 4069 quant

248 4122 313 4160 cx
363 4105 462 4159 hac
509 4114 657 4174 peste
709 4102 920 4157 liberali
970 4108 1094 4154 sunt
1144 4098 1384 4166 vatisque
1434 4094 1846 4163 imprecationcs

249 4198 582 4267 eﬂ‘ugcrunt,
626 4210 838 4250 rursum
872 4194 1078 4263 seipsos
1126 4207 1221 4261 per
1249 4188 1538 4245 durissima
1581 4195 1847 4257 prmrupta

247 4289 515 4359 jccerunt,
547 4297 707 4357 atque
737 4294 858 4357 post
885 4284 1287 4339 benedictiones
1316 4281 1554 4345 Balaam,
1585 4278 1694 4332 imo
1719 4292 1849 4332 vero

256 4380 348 4434 Dei
377 4381 576 4448 (neque
604 4378 746 4432 enim
775 4377 918 4431 illius
943 4374 1229 4427 voluntatis
1267 4388 1329 4427 ea
1361 4371 1523 4425 verba
1553 4369 1717 4433 fuere,
1754 4367 1849 4422 sed

196 4490 199 4491 ν
256 4472 521 4527 moventis
546 4486 607 4525 se
628 4470 793 4524 divini
820 4468 1052 4537 afflatus)
1085 4464 1331 4520 fornicati
1360 4472 1485 4517 sunt
1512 4478 1631 4516 cum
1660 4460 1851 4515 alieni-

256 4578 512 4633 genarum
541 4562 770 4627 ﬁliabus,
802 4572 857 4616 et
886 4559 1077 4615 initiati
1107 4567 1232 4613 sunt
1258 4556 1611 4625 Beelphcgor.
1646 4556 1716 4608 At
1742 4553 1852 4607 llo-

256 4671 343 4710 ses
394 4654 699 4724 lmjusmodi
750 4654 925 4709 scelus
970 4652 1450 4719 confusionemquc
1494 4664 1600 4702 non
1650 4647 1850 4712 ferens,

257 4764 351 4802 cos
398 4765 582 4803 rursus
627 4764 685 4804 se
729 4749 955 4803 invicem
1004 4746 1288 4801 concidere
1336 4760 1398 4798 ac
1441 4758 1632 4798 necare
1670 4742 1850 4812 jussit,

259 4842 559 4910 lnterﬁcite,
593 4842 860 4911 inquiens,
888 4840 1233 4910 unusquisque
1260 4837 1545 4907 proximum
1572 4852 1738 4899 suum,
1768 4835 1855 4905 qui

257 4934 487 4987 initiatus
508 4943 581 4988 est
603 4933 917 5004 Beelphegor
942 4933 1130 5003 (Num.
1150 4932 1240 4985 9.5.
1262 4930 1315 4996 5)
1339 4948 1352 4983 ;
1378 4944 1484 4983 ηοιι
1512 4942 1669 4982 secus
1694 4941 1852 4997 quam

260 5026 313 5079 in
345 5025 595 5092 vulnere,
625 5024 765 5095 quod
812 5026 1054 5095 plurimis
1094 5022 1421 5078 sectionibus
1450 5019 1855 5088 ustionibusque

258 5117 523 5185 susceptis
550 5116 682 5170 nihil
712 5116 902 5170 melius
933 5114 1208 5177 habuerit,
1241 5113 1431 5182 aliquis
1453 5111 1638 5181 jubeat
1665 5123 1855 5164 rursus

260 5208 401 5278 quod
443 5208 706 5275 reliquum
738 5214 822 5260 est
857 5220 1042 5260 secare
1071 5214 1231 5273 atque
1272 5219 1448 5257 urere.
1478 5201 1743 5257 Cteterum
1776 5208 1852 5267 tu,

259 5316 380 5355 cum
409 5300 507 5353 has
536 5298 873 5353 difﬁcultates
917 5296 1069 5351 audis
1091 5338 1104 5362 ,
1150 5296 1257 5350 noli
1287 5306 1473 5365 putare
1505 5295 1603 5350 ista
1649 5302 1855 5347 tantum

259 5391 573 5461 contigisse,
614 5390 876 5459 siquidem
903 5401 955 5444 et
987 5391 1100 5459 ipse
1130 5404 1200 5443 ex
1233 5388 1317 5441 his
1343 5404 1462 5458 qua:
1500 5387 1695 5457 scripta
1732 5396 1859 5441 sunt

261 5501 368 5539 non
401 5500 566 5555 pauca
597 5496 859 5555 praztereo
880 5528 894 5553 ,
924 5492 1051 5555 puta
1082 5484 1218 5539 bella
1240 5525 1255 5551 ,
1295 5482 1632 5537 inimicorum
1674 5480 1857 5535 obsta-

261 5580 403 5646 cula,
434 5579 740 5649 longissima
772 5579 993 5645 itinera,
1026 5578 1228 5633 sororis
1253 5576 1672 5644 contumeliam,
1712 5574 1857 5644 ejus-

262 5671 383 5725 detn
410 5685 614 5740 pinnas,
634 5671 824 5741 quibus
847 5670 1167 5739 mitissimus
1182 5670 1271 5724 ille
1287 5669 1461 5724 Moses
1483 5678 1609 5723 tunc
1630 5668 1861 5723 maxime

263 5763 511 5818 indoluit.
544 5763 651 5819 Sed
690 5780 751 5819 ca
793 5772 971 5819 tamen
1012 5764 1190 5819 munia
1223 5762 1267 5817 si
1299 5762 1421 5832 quis
1450 5758 1860 5832 diligentissime

266 5855 319 5910 in
351 5872 513 5911 unum
542 5866 816 5927 congerat,
845 5870 912 5912 ne
943 5854 1279 5910 millesimum
1306 5854 1518 5925 quidem
1549 5864 1753 5926 partem
1786 5869 1851 5909 cx

1074 400 1167 456 ao
1204 394 1574 456 STAGIBIUM
1612 397 1653 450 A
1698 387 2398 451 pauoss‘vexaruu.
2439 387 2569 445 LIB.
2609 361 2699 443 ni.

3439 386 3543 443 478

1948 506 2014 562 iis
2044 520 2161 575 quae
2206 503 2544 575 contigerunt
2581 500 2836 571 scriptam
2886 498 3049 555 fuisse
3088 506 3257 570 putet.
3302 497 3361 554 Si
3397 498 3543 554 enim

1946 598 2038 668 qui
2074 597 2127 651 in
2174 610 2277 650 una
2319 571 2482 649 domo
2521 593 2704 663 paucis
2747 603 2942 663 praeest
2982 593 3188 656 servis,
3234 589 3545 647 innumeras

1945 687 2183 759 quotidie
2204 695 2260 741 et
2285 686 2639 740 irritationum
2668 694 2723 739 et
2747 684 2997 739 maeroris
3021 683 3333 738 occasiones
3359 681 3541 745 habet,

1945 779 2033 849 qui
2078 788 2157 833 tot
2202 777 2436 833 millibus
2477 777 2827 847 quadraginta
2859 778 3015 831 annis
3061 790 3297 845 prteesse
3325 785 3545 830 coactus

1942 882 2062 940 est,
2095 873 2254 942 idque
2297 872 2349 925 in
2394 870 2626 936 deserto,
2673 869 2763 924 ubi
2813 883 2987 939 neque
3033 882 3145 933 aer,
3192 882 3365 937 neque
3406 881 3543 937 aqua

1945 973 2083 1029 erat,
2111 974 2242 1034 quot
2284 963 2496 1033 negotia
2523 960 2747 1031 singulis
2785 959 2974 1015 diebus
3016 957 3167 1013 obire
3207 955 3544 1028 cogebatur?

1945 1066 2074 1127 quot
2111 1061 2287 1121 curas,
2316 1065 2447 1126 quot
2472 1068 2754 1121 mcerores,
2792 1063 2848 1108 et
2872 1052 3172 1108 viventibus
3199 1052 3325 1127 illis,
3359 1061 3414 1106 et
3437 1050 3545 1105 vita
3618 1072 3623 1083 -

1945 1125 2179 1201 functis?
2203 1125 2345 1202 Vidit
2366 1146 2508 1201 enim
2531 1160 2741 1211 omnes,
2760 1158 2895 1215 quos
2916 1158 2980 1198 ex
2998 1142 3233 1214 Egypto
3253 1125 3544 1208 eduxerat,
3566 1204 3567 1207 η

1945 1248 2221 1303 mortuos,
2269 1246 2466 1309 praeter
2501 1237 2639 1293 duos
2678 1237 2823 1291 viros
2860 1236 3034 1291 solum
3067 1254 3080 1289 :
3109 1249 3309 1304 eosque
3346 1236 3435 1303 qui
3478 1248 3545 1287 ex

1946 1332 2054 1388 illis
2084 1332 2193 1385 nati
2226 1330 2436 1385 fuerant
2478 1329 2668 1401 dignus
2710 1329 2925 1385 habitus
2971 1343 3077 1383 non
3124 1337 3207 1382 est
3248 1327 3303 1381 in
3347 1336 3542 1381 terram

1946 1422 2383 1493 repromissionis
2431 1421 2797 1477 introducere.
2844 1418 3109 1475 Cancrum
3153 1420 3287 1473 vidit
3328 1419 3543 1489 quidem

1946 1531 2065 1572 eam
2112 1524 2309 1570 terram
2350 1530 2415 1569 ex
2456 1514 2655 1570 vertice
2698 1516 2897 1570 montis
2942 1513 3147 1581 Nabau,
3192 1523 3547 1583 naturamque

1947 1611 2090 1666 illius
2140 1610 2342 1679 Optime
2389 1609 2611 1673 didicit,
2655 1609 2757 1663 frui
2804 1618 2981 1665 autem
3032 1610 3122 1665 illa
3163 1626 3285 1665 cum
3327 1610 3546 1680 reliquis

1947 1702 2201 1759 lsraelitis
2233 1704 2529 1774 permissus
2557 1718 2661 1758 non
2688 1710 2791 1769 est,
2818 1704 2913 1758 sed
2938 1713 3088 1758 extra
3118 1719 3234 1757 eam
3264 1704 3459 1758 mansit
3483 1718 3547 1759 ac

1946 1804 2191 1849 mortuus
2231 1803 2356 1859 est;
2400 1794 2559 1864 idque
2600 1794 2713 1865 ipse
2746 1795 2999 1850 lsraelitis
3028 1809 3367 1864 conquerens
3395 1794 3543 1850 dice-

1945 1886 2036 1941 bat
2067 1905 2080 1942 :
2106 1886 2173 1940 Et
2198 1885 2449 1941 Dominus
2476 1886 2615 1941 Deus
2641 1887 2803 1941 iratus
2832 1894 2903 1940 est
2938 1886 3063 1939 ini/ti
3088 1887 3151 1940 de
3176 1887 3236 1941 iis
3265 1902 3379 1954 qua:
3405 1886 3545 1940 dice-

1945 1980 2129 2034 bantur
2154 1996 2186 2033 α
2212 1980 2347 2034 vobis
2370 2022 2383 2045 ,
2415 1980 2712 2051 juravitque
2739 1988 2797 2034 ut
2840 1996 2942 2034 non
2983 1993 3235 2034 transeam
3262 1980 3545 2033 Jordanem

1946 2071 2133 2138 istum,
2167 2089 2259 2125 nec
2303 2072 2561 2143 ingrediar
2601 2073 2653 2126 in
2688 2080 2873 2126 terram
2898 2113 2912 2139 ,
2950 2088 3102 2143 quant
3130 2070 3381 2125 Dominus
3407 2070 3547 2125 Deus

1944 2166 2033 2219 dat
2056 2166 2148 2237 tibi
2176 2166 2227 2220 in
2271 2175 2423 2220 sorte.
2466 2165 2579 2237 Ego
2621 2165 2757 2220 enint
2782 2166 2975 2219 morior
3020 2166 3073 2219 in
3118 2166 3213 2217 ltac
3254 2173 3425 2229 terra,
3457 2181 3546 2218 nec

1946 2264 2147 2310 transeo
2172 2256 2453 2311 Iordanem
2485 2256 2619 2311 hunc
2643 2272 2661 2311 :
2686 2272 2773 2312 vos
2801 2264 2969 2311 autem
2998 2256 3297 2321 transibitis,
3328 2266 3375 2309 et
3396 2256 3545 2310 liere-

1946 2348 2102 2402 ditate
2134 2348 2451 2417 possidebitis
2494 2357 2682 2404 terram
2710 2349 2842 2403 hanc
2885 2349 3129 2419 optimam
3160 2346 3349 2419 (Deut.
3376 2348 3427 2401 ι.
3452 2347 3542 2401 21.

1944 2439 2064 2511 22).
2089 2440 2347 2510 Quodque
2367 2440 2604 2495 omnium
2628 2450 2744 2497 erat
2765 2440 3197 2506 acerbissimum,
3218 2455 3338 2494 cum
3360 2439 3547 2495 dolore

1946 2531 2118 2601 ipsum
2148 2532 2201 2586 in
2230 2532 2500 2587 inlernum
2524 2532 2765 2601 deduxit,
2789 2548 2910 2587 cum
2935 2533 3007 2587 illi
3038 2532 3212 2587 futura
3235 2532 3544 2587 Judzeorum

1945 2623 2083 2677 mala
2114 2624 2481 2693 praeostendit,
2515 2624 2779 2679 idolorum
2812 2625 3018 2679 scilicet
3056 2623 3292 2689 cultum,
3320 2624 3548 2693 captivi—

1946 2722 2133 2782 tatem,
2180 2722 2233 2769 et
2263 2715 2595 2770 calamitates
2637 2716 2969 2783 innumeras,
3011 2725 3069 2771 ut
3110 2730 3215 2771 non
3265 2716 3436 2770 solum
3480 2715 3548 2771 de

1944 2805 2113 2875 gestis
2134 2821 2253 2875 quae
2276 2805 2501 2871 viderat,
2533 2806 2626 2861 sed
2655 2808 2816 2863 etiam
2842 2807 2907 2863 de
2934 2807 2998 2861 iis
3022 2823 3141 2877 quae
3167 2807 3394 2863 necdum
3419 2822 3548 2862 con-

1946 2897 2176 2966 tigerant
2195 2937 2211 2962 ,
2236 2897 2568 2968 afﬂigeretur
2592 2902 2791 2954 animo.
2836 2901 3079 2971 Denique
3110 2914 3137 2954 a
3165 2900 3337 2972 prima
3364 2902 3543 2956 statim

1945 2998 2102 3045 aztate
2130 2989 2198 3044 ita
2225 2990 2409 3046 dolere
2435 3006 2497 3046 ac
2528 3007 2757 3047 maerere
2786 2993 3012 3062 incepit,
3042 3002 3101 3049 ut
3126 3011 3416 3066 numquam
3450 2995 3547 3052 de-

1946 3083 2161 3138 sisteret
2181 3123 2196 3146 ,
2227 3082 2498 3155 vitamque
2523 3100 2643 3140 cum
2674 3086 2928 3142 mmstitia
2956 3088 3153 3143 ﬁniret.

2019 3174 2073 3229 5.
2104 3173 2265 3228 Josue
2309 3191 2566 3229 successor
2601 3174 2765 3231 Mosis
2789 3188 2836 3231 et
2866 3179 2974 3249 ipse
2998 3180 3305 3250 aﬂlictus.—
3326 3180 3394 3235 At
3418 3195 3548 3237 vero

1947 3281 2232 3323 successor
2259 3268 2377 3339 ejus
2406 3268 2569 3325 Josue
2592 3312 2605 3336 ,
2636 3272 2876 3326 omnium
2901 3314 2914 3337 ,
2956 3278 3013 3327 ut
3053 3274 3123 3327 ita
3164 3273 3389 3329 dixerim
3409 3316 3422 3338 ,
3453 3274 3549 3329 tri-

1948 3359 2108 3413 stium
2149 3374 2271 3414 cum
2312 3376 2378 3415 eo
2425 3376 2530 3415 una
2577 3362 2871 3431 periculum
2915 3363 3036 3419 fecit
3065 3382 3077 3419 :
3111 3365 3155 3419 si
3200 3364 3329 3435 quid
3366 3373 3547 3421 tamen

1948 3449 2120 3515 illum,
2164 3465 2229 3505 eo
2268 3450 2410 3521 quod
2449 3451 2631 3521 junior
2673 3465 2837 3520 esset,
2882 3453 3098 3525 eﬂ‘ugit,
3131 3454 3234 3509 hoc
3259 3470 3389 3511 sane
3428 3465 3551 3525 post

1950 3550 2181 3597 mortem
2224 3543 2362 3597 illius
2401 3545 2453 3598 in
2495 3560 2561 3599 eo
2604 3546 2927 3601 cumulatius
2970 3548 3248 3618 impletum
3287 3560 3389 3603 est.
3431 3548 3548 3605 Non

1949 3635 2124 3689 solum
2153 3645 2331 3690 autem
2370 3636 2498 3691 dum
2542 3637 2748 3693 viveret
2787 3639 2958 3695 Moses
3001 3641 3317 3695 vestimenta
3360 3642 3538 3709 scidit,

1950 3730 2294 3799 cineremque
2332 3730 2495 3800 capiti
2528 3732 2779 3799 aspersit,
2816 3732 2909 3786 sed
2946 3733 3106 3788 etiam
3139 3742 3422 3803 postquam
3460 3734 3550 3789 ille

1952 3819 2235 3875 defunctus
2275 3831 2355 3876 est
2394 3822 2614 3889 eadem,
2647 3824 2754 3879 imo
2786 3825 2944 3895 longe
2986 3827 3190 3895 majore
3231 3828 3552 3883 necessitate

1953 3912 2005 3967 id
2050 3913 2227 3968 facere
2266 3924 2483 3969 coactus
2520 3924 2635 3981 cst,
2681 3932 2787 3970 non
2828 3916 2981 3971 brevi
3025 3928 3284 3989 tempore,
3326 3919 3420 3973 sed
3464 3918 3552 3975 die

1955 4014 2064 4060 tota
2089 4021 2287 4077 pronus
2317 4006 2369 4061 in
2405 4018 2545 4062 terra
2574 4008 2780 4078 jacens.
2818 4009 2958 4063 Audi
2997 4010 3178 4079 utique
3204 4010 3362 4064 verba
3388 4012 3550 4065 etiam

1954 4098 2096 4154 illius
2136 4109 2189 4154 et
2228 4100 2467 4168 ploratus
2507 4118 2519 4154 :
2577 4099 2645 4154 Et
2684 4101 2855 4164 scidit,
2904 4102 3069 4171 inquit
3119 4101 3300 4174 (Josue
3327 4104 3378 4156 7.
3409 4102 3549 4173 6-9),

1953 4190 2103 4244 Jesus
2127 4193 2419 4245 vestimenta
2440 4208 2555 4259 sua,
2579 4193 2891 4263 prociditque
2914 4194 2964 4246 in
2988 4194 3167 4264 facient
3192 4210 3342 4263 super
3364 4203 3554 4247 terram

1956 4299 2126 4336 coram
2165 4282 2384 4337 Domino
2431 4300 2587 4352 usque
2632 4284 2700 4335 ad
2744 4299 3033 4353 vesperam,
3080 4285 3190 4353 ipse
3235 4294 3282 4337 et
3331 4286 3553 4339 seniores

1957 4373 2143 4439 Israel,
2177 4376 2517 4445 miseruntque
2546 4376 2801 4443 pulverem
2827 4393 2979 4447 super
3006 4378 3173 4446 capita
3200 4393 3291 4430 sua
3308 4420 3323 4445 ,
3352 4387 3397 4431 et
3424 4378 3553 4434 dixit

1956 4467 2109 4522 Jesus
2142 4484 2159 4520 :
2195 4466 2412 4520 Obsecro
2435 4509 2447 4531 ,
2484 4467 2729 4530 Domine,
2761 4478 2813 4520 ut
2848 4468 2970 4537 quid
3012 4468 3237 4521 traduxit
3280 4486 3404 4538 puer
3439 4478 3554 4526 tuus

1960 4561 2205 4630 populum
2230 4559 2362 4611 [tunc
2389 4568 2526 4612 trans
2551 4558 2858 4625 Iordanem,
2892 4570 2945 4611 ut
2975 4560 3197 4613 traderes
3229 4576 3342 4613 eum
3366 4561 3552 4615 Amor-

1958 4651 2096 4705 rlta'o
2126 4651 2194 4703 ad
2238 4652 2547 4721 perdendum
2583 4652 2718 4705 nos?
2752 4650 2795 4705 U
2802 4652 2958 4704 tinam
2987 4653 3434 4721 permansissemus
3458 4695 3471 4718 ,
3510 4664 3556 4706 et

1960 4745 2193 4798 collocati
2234 4763 2451 4798 essemus
2475 4745 2601 4797 citra
2627 4743 2928 4798 Iordanem.
2968 4745 3029 4796 Et
3059 4745 3182 4814 quid
3210 4744 3377 4796 dicant
3411 4754 3553 4814 post-

1959 4856 2109 4910 quam
2153 4840 2296 4891 vertit
2334 4838 2499 4892 Israel
2537 4849 2674 4909 tcrga
2714 4838 2965 4891 inimico?
2998 4838 3179 4892 Audiet
3215 4838 3553 4904 Clmnantt'tts,

1960 4943 2005 4986 et
2034 4948 2204 4986 omnes
2235 4933 2317 5000 qui
2350 4932 2573 4984 habitant
2615 4941 2833 4995 terram,
2863 4940 2907 4985 ct
2935 4932 3318 4984 circumdabant
3356 4949 3447 4985 nos
3466 4974 3479 4997 ,
3512 4942 3557 4985 et

1961 5024 2195 5078 delebant
2222 5026 2281 5077 de
2306 5035 2457 5077 terra.
2489 5023 2635 5076 Talia
2657 5034 2899 5078 orantem
2927 5023 3151 5078 audiens
3175 5024 3312 5078 Deus
3339 5038 3554 5077 causam

1962 5117 2072 5183 illi,
2105 5133 2201 5171 cur
2244 5118 2476 5186 superati
2527 5114 2770 5181 fuerant,
2812 5117 3020 5185 aperuit
3062 5132 3266 5187 :quam
3307 5117 3395 5170 ille
3433 5132 3553 5171 cum

1961 5207 2256 5273 didicisset,
2291 5207 2523 5278 perdidit
2552 5222 2655 5261 una
2696 5222 2882 5260 omnes
2902 5251 2916 5273 ,
2947 5223 3051 5261 non
3080 5224 3201 5262 eum
3231 5209 3319 5277 qui
3368 5224 3559 5277 pecca--

1963 5310 2115 5357 verat
2158 5301 2365 5365 solum,
2420 5300 2514 5354 sed
2559 5308 2816 5369 cognatos
2863 5315 3078 5370 quoque
3127 5310 3180 5354 et
3230 5302 3561 5371 propinquos

1964 5406 2285 5460 omnemque
2330 5390 2581 5443 familiam
2623 5405 2747 5444 cum
2798 5404 3049 5459 pecorum
3094 5390 3452 5445 multitudine.
3503 5390 3559 5445 Id

1965 5493 2143 5537 autem
2175 5481 2314 5536 haud
2351 5496 2539 5551 parum
2584 5480 2729 5536 illius
2772 5480 3104 5550 perturbavit
3138 5480 3397 5536 animum.
3427 5480 3561 5537 Nam

1968 5576 2011 5629 si
2038 5590 2134 5629 nos
2159 5590 2278 5629 cum
2304 5574 2507 5628 alienos
2527 5589 2737 5644 quoque
2764 5572 2943 5643 puniri
2970 5572 3261 5638 cernimus,
3289 5589 3358 5630 ne
3379 5574 3562 5630 videre

1967 5668 2183 5740 quidem
2215 5668 2525 5735 toleramus,
2558 5667 2684 5737 quid
2713 5666 2803 5721 ille
2828 5681 2932 5721 non
2962 5681 3155 5738 passus
3180 5675 3282 5731 est,
3314 5667 3402 5737 qui
3429 5681 3561 5720 eon-

1970 5760 2193 5816 tribules
2220 5769 2273 5816 et
2298 5758 2691 5813 commilitones
2718 5758 2878 5813 tantis
2904 5756 3170 5813 afﬁciebat
3198 5756 3395 5812 malis?
3423 5757 3563 5823 Quid

1972 5862 2149 5907 autem
2178 5850 2592 5906 Gabaonitarutn
2635 5850 2780 5906 fraus
2810 5850 3152 5921 tribuumque
3191 5860 3338 5905 trans
3387 5849 3569 5907 larda-
