4264 6312
771 370 871 426 L79

773 499 895 538 nem
942 479 1288 535 habitantium
1333 479 1598 548 StISpicio,
1632 477 1756 548 quid
1796 486 2051 546 perpetua
2091 474 2350 529 bellorum

774 584 1257 643 atque-pugnarum
1287 569 1634 624 exercitatio?
1663 583 1818 637 quem
1846 568 1944 621 ista
1971 576 2165 620 statum
2193 564 2352 619 animi

773 682 876 720 non
907 663 1272 719 evertissent?
1312 662 1423 715 Etsi
1463 660 1605 714 enim
1635 659 1878 715 vincebat
1924 658 2117 728 jugitcr
2137 699 2151 723 ,
2182 657 2353 711 victo-

771 758 863 811 ria:
893 767 1065 809 tamen
1088 754 1409 820 voluptatem
1438 751 1761 820 reliquorum
1788 750 2042 804 bellorum
2070 763 2194 802 cura
2221 747 2353 800 ollu-

769 846 989 910 scabat,
1031 843 1360 910 sortiumque
1401 840 1705 895 diStributiu
1748 854 1983 893 summos
2026 838 2099 891 illi
2145 839 2353 892 labores

770 936 1118 1005 ingentesque
1143 930 1482 985 difﬁcultates
1515 932 1771 1000 pariebat.
1802 930 2004 984 Norunt
2029 929 2125 983 ista
2153 930 2240 998 qui
2270 928 2351 983 vel

769 1028 1044 1080 minimam
1075 1023 1423 1079 substantiam
1470 1022 1750 1084 fratribus,
1783 1029 1873 1074 aut
1902 1021 2225 1089 quibuslibet
2240 1020 2350 1073 ali-

765 1117 920 1185 cujus
963 1115 1251 1170 heredibus
1298 1113 1716 1167 distribuendam
1763 1120 2129 1180 susceperunt.
2174 1109 2351 1163 Plebis

766 1216 943 1261 autem
974 1206 1205 1275 reliquas
1243 1204 1496 1273 deinceps
1524 1196 1865 1256 ~calamitates
1906 1216 2005 1255 nec
2045 1199 2349 1253 referendas

764 1299 1037 1352 existimo.
1088 1297 1271 1367 Neque
1300 1298 1441 1360 enim
1481 1304 1562 1350 est
1590 1295 1844 1364 prepositi
1874 1294 2039 1347 nostri
2086 1307 2351 1347 aerumnas

765 1389 1093 1458 singulorum
1138 1403 1451 1457 numerare,
1498 1386 1593 1441 sed
1636 1400 1821 1440 eorum
1865 1392 2067 1439 tantum
2105 1384 2194 1453 qui
2239 1383 2349 1438 Deo

765 1481 1048 1535 admodum
1084 1480 1351 1548 placuere.

835 1572 888 1625 6.
918 1570 1170 1623 Samuelis
1200 1569 1427 1639 exemplo
1452 1584 1559 1622 rem
1606 1568 1846 1622 illustrat.
1879 1596 1943 1605 —
1967 1563 2223 1633 Quocirca
2248 1604 2263 1627 ,
2302 1563 2349 1617 si

763 1662 1004 1725 videtur,
1039 1660 1155 1713 llcli
1210 1661 1515 1714 omittamus
1536 1700 1549 1722 ,
1578 1659 1771 1726 quippe
1798 1666 1851 1711 et
1894 1658 1937 1710 is
1996 1672 2088 1729 per
2119 1656 2348 1708 ﬁliorum

763 1756 909 1820 vitia,
934 1755 1041 1808 imo
1068 1769 1192 1806 vero
1210 1768 1305 1822 per
1328 1767 1476 1805 suam
1510 1751 1882 1820 negligentiam
1908 1748 2127 1802 offendit
2158 1747 2344 1800 Deum.

764 1846 941 1915 Neque
967 1846 1108 1898 enim
1140 1844 1257 1897 ideo
1283 1841 1423 1912 quod
1467 1841 1635 1895 malos
1662 1839 1880 1894 haberet
1910 1838 2045 1892 ﬁlios
2091 1837 2347 1907 puniebao

764 1946 881 1998 tur,
918 1934 1009 1989 scd
1047 1935 1169 2004 quia
1196 1934 1329 1987 ultra
1360 1933 1597 1987 debitum
1627 1930 1971 2000 increpationi
1996 1938 2343 1999 pepercerat,

761 2038 813 2080 et
843 2040 964 2080 cum
1007 2026 1094 2079 Dci
1129 2025 1271 2094 leges
1312 2024 1657 2087 violarentur,
1688 2022 1929 2077 severius
1959 2021 2012 2075 in
2042 2021 2160 2075 illos
2204 2020 2347 2074 ultus

766 2133 870 2171 non
900 2128 998 2170 cst.
1026 2116 1189 2185 Cujus
1226 2116 1300 2169 rei
1329 2125 1380 2169 et
1409 2116 1523 2184 ipse
1552 2115 1651 2170 sibi
1694 2114 1935 2169 conscius
1957 2122 2077 2183 post
2105 2113 2346 2182 ingentes

765 2209 882 2262 illas
927 2207 1094 2260 minas
1120 2207 1333 2261 aiebat:
1364 2206 1613 2260 Dominus
1641 2208 1748 2276 ipse
1784 2206 1917 2275 quod
1954 2206 2139 2260 bonum
2172 2215 2245 2259 est
2290 2206 2344 2259 in

764 2299 920 2352 oculis
944 2299 1046 2351 suis
1073 2297 1221 2369 faciet
1250 2295 1634 2370 (l.Reg.5.l8).
1657 2297 1732 2351 Eo
1749 2297 1924 2366 itaque
1944 2296 2142 2351 omisso
2162 2296 2228 2350 ad
2242 2296 2343 2351 Sa-

762 2390 989 2442 muelem
1040 2390 1331 2442 veniamus.
1368 2388 1416 2443 Is
1436 2405 1465 2443 a
1490 2403 1654 2458 puero
1675 2388 1903 2443 nutritus
1925 2388 1977 2443 in
2008 2388 2205 2459 templo
2236 2388 2345 2442 Deo

759 2494 972 2547 semper
1002 2493 1157 2533 carus
1209 2488 1263 2534 et
1296 2480 1627 2548 gratissimus
1658 2477 1798 2543 fuit,
1847 2488 2093 2548 tantaque
2137 2478 2343 2532 virtutis

760 2569 947 2624 iudicia
979 2585 1009 2622 a
1035 2571 1197 2639 prima
1226 2571 1402 2624 statim
1451 2579 1607 2624 mtate
1651 2570 1879 2640 pravtulit
1907 2611 1921 2635 ,
1977 2580 2033 2624 ut
2058 2578 2341 2640 antequam

760 2662 827 2713 ad
857 2660 1034 2714 viriles
1075 2675 1244 2715 annos
1276 2660 1529 2715 evaderet
1562 2660 1700 2715 inter
1744 2660 2011 2715 mirabiles
2057 2660 2343 2730 prophetas

762 2751 1172 2816 inscriberetur,
1207 2751 1362 2820 idque
1403 2768 1523 2806 cum
1555 2767 1613 2805 ea
1645 2767 1734 2807 res
1775 2761 1899 2805 tunc
1923 2751 2179 2805 defecisse
2221 2764 2340 2803 om-

764 2841 889 2895 nino
917 2841 1202 2896 videretur.
1232 2841 1351 2896 .‘Von
1372 2844 1502 2896 enim
1522 2854 1647 2907 crat,
1674 2842 1862 2911 inquit,
1884 2842 2002 2894 visio
2033 2842 2339 2905 discernens,
2390 2871 2400 2883 ο

762 2943 962 3003 eratque
1012 2933 1209 2987 verbum
1260 2934 1530 3002 pretiosum
1571 2935 1646 3001 (l.
1679 2931 1801 3003 Reg.
1834 2933 1885 2987 5.
1935 2932 2008 3002 1).
2069 2931 2163 2985 llic
2214 2945 2342 3001 ergo

759 3024 993 3090 Samuel,
1025 3024 1112 3093 qui
1141 3032 1259 3093 post
1288 3026 1476 3078 multas
1506 3024 1764 3092 lacrymas
1809 3032 1962 3077 natus
1995 3022 2193 3088 fuerat,
2231 3024 2341 3090 pri-

762 3131 905 3168 mum
934 3114 1146 3184 quidem
1189 3131 1307 3169 cum
1343 3116 1636 3171 intueretur
1667 3115 1976 3185 magistrum
2006 3114 2061 3168 in
2114 3126 2338 3169 mortem

760 3205 901 3259 illam
950 3206 1306 3260 miserabilem
1361 3206 1677 3272 devectum,
1736 3206 1803 3260 ita
1867 3203 2119 3259 confusus
2180 3215 2340 3275 atque

762 3300 1000 3355 turbatus
1028 3308 1147 3365 est,
1201 3310 1259 3354 ut
1307 3299 1529 3354 decebat
1568 3309 1772 3369 gratum
1818 3300 2150 3367 amicumque
2181 3298 2342 3353 disci-

758 3392 961 3459 pulum.
991 3390 1179 3445 Postea
1230 3390 1471 3445 Judaicas
1499 3392 1824 3445 calamitates
1852 3389 1982 3445 ﬁere
2030 3391 2336 3460 cogebatur.

761 3481 927 3534 Porro
956 3481 1047 3535 ﬁlii
1091 3482 1288 3551 ipsius,
1321 3496 1439 3536 cum
1492 3482 1656 3552 iniqui
1686 3492 1739 3537 et
1764 3483 1888 3536 mali
1928 3491 2109 3537 essent
2131 3523 2145 3546 ,
2180 3490 2340 3553 atque

756 3575 821 3628 ad
883 3576 1090 3630 culmen
1156 3574 1446 3645 iniquitatis
1503 3576 1899 3644 pervenissent,
1964 3582 2018 3629 ct
2067 3574 2167 3630 hoc
2223 3574 2338 3644 ipso

757 3682 987 3725 maerore
1021 3669 1167 3722 illum
1213 3668 1513 3724 afﬁciebant
1538 3710 1552 3732 ,
1601 3668 1817 3739 etquod
1848 3670 1946 3723 sibi
1986 3669 2204 3738 [ιι-ίυδιίιὶ
2236 3669 2337 3722 ho.

757 3761 903 3814 noris
953 3760 1174 3815 heredes
1203 3776 1442 3815 essenon
1473 3773 1706 3830 possent.
1738 3760 2007 3815 Successit
2052 3761 2172 3814 huic
2200 3776 2336 3815 mae-

760 3851 866 3904 rori
894 3890 909 3915 ,
939 3851 1045 3904 imo
1072 3866 1199 3905 vero
1246 3866 1351 3905 non
1400 3852 1699 3918 successit,
1744 3867 1863 3905 cum
1911 3853 2054 3921 prior
2101 3851 2335 3905 nondum

758 3942 1079 4011 quievisset,
1135 3943 1226 3995 sed
1296 3942 1535 4011 adjectus
1605 3951 1687 3997 est
1737 3944 1871 3997 alius
1904 3984 1917 4007 ,
1978 3924 2335 3997 lsraelitarum

762 4032 963 4086 scilicet
998 4032 1340 4102 iniustissima
1391 4033 1598 4103 petitio.
1626 4033 1738 4101 Qua
1785 4034 1836 4087 in
1879 4033 2030 4087 reita
2060 4034 2289 4087 concidit
2318 4075 2335 4100 ,

759 4133 819 4178 ut
859 4125 1055 4193 ingenti
1104 4124 1464 4186 consolatione
1509 4125 1784 4196 indigeret.
1818 4124 1952 4179 Audi
1995 4125 2173 4193 itaque
2208 4124 2335 4194 quid

760 4215 832 4268 illi
854 4214 1051 4271 dixerit
1079 4216 1248 4271 Deus:
1285 4214 1408 4269 Non
1436 4226 1482 4270 te
1526 4226 1832 4286 spreverunt,
1863 4216 1951 4270 sed
1977 4233 2054 4269 me
2098 4215 2260 4287 (Ibid.
2279 4217 2333 4271 8.

760 4306 816 4360 7.
843 4316 890 4360 et
930 4306 1119 4377 seqq).
1160 4305 1287 4361 Post
1307 4306 1421 4361 lucc
1450 4315 1625 4362 tamen
1656 4308 1753 4361 iste
1778 4307 1911 4362 adeo
1935 4308 2195 4362 sollicitus
2220 4318 2338 4363 erat

760 4396 884 4462 illis,
914 4406 971 4451 ut
1007 4396 1208 4452 diceret
1239 4414 1254 4452 :
1283 4396 1413 4451 Mihi
1440 4408 1607 4451 autem
1648 4400 1774 4453 absit
1801 4408 1856 4451 ut
1884 4414 2101 4468 peccem,
2142 4409 2186 4452 et
2213 4400 2337 4453 desi-

757 4500 894 4542 stam
917 4504 1010 4557 pro
1031 4488 1170 4541 vobis
1189 4504 1341 4541 orare
1368 4488 1722 4559 (10.12.23).
1751 4491 1889 4547 Istos
1910 4493 2076 4563 igitur
2102 4495 2177 4549 ita
2200 4496 2339 4553 dile-

758 4591 879 4635 ctos
913 4594 941 4633 a
982 4595 1041 4634 se
1067 4594 1193 4632 cum
1222 4578 1454 4657 Opprimi
1488 4582 1852 4649 conspiceret,
1883 4591 2047 4652 atque
2083 4585 2137 4638 in
2179 4586 2338 4644 bellis

759 4672 1027 4742 superari,
1053 4669 1329 4739 Deumque
1350 4680 1540 4723 contra
1558 4685 1617 4725 se
1636 4686 1934 4739 provocare
1954 4688 2115 4743 quam
2133 4676 2339 4733 sentire

759 4762 1092 4832 voluptatem
1126 4768 1341 4829 poterat
1360 4760 1383 4813 ?
1401 4760 1663 4830 quidnam
1687 4763 1947 4832 temporis
1970 4764 2177 4835 absque
2203 4782 2339 4822 1MB-

759 4869 886 4910 rore
905 4861 960 4908 et
976 4851 1234 4924 lacrymis
1253 4850 1471 4907 vivere?
1491 4854 1627 4906 Cum
1649 4869 1779 4909 vero
1804 4854 1935 4910 Saul
1960 4859 2339 4914 constituisset

757 4961 964 5018 regem,
990 4946 1184 5000 alterni
1216 4945 1315 5015 ipsi
1344 4946 1701 5017 perpetuique
1728 4949 1964 5017 gemitus
1989 4949 2332 5019 adiicieban-

760 5044 869 5090 tur.
894 5032 1138 5103 Namque
1154 5048 1279 5088 cum
1298 5033 1628 5089 sacriﬁcium
1656 5036 1744 5090 ille
1764 5047 1960 5105 praeter
1977 5036 2068 5092 Dei
2094 5040 2339 5096 voluntao

760 5132 868 5177 tem
897 5123 1113 5187 obtulit,
1137 5131 1333 5179 etcum
1355 5125 1629 5195 superatis
1650 5126 1965 5183 Amalecitis
1996 5130 2210 5184 illorum
2242 5148 2335 5202 pe—

762 5215 935 5285 percit
967 5217 1109 5285 regi,
1146 5215 1309 5286 idque
1335 5227 1527 5272 contra
1549 5219 1853 5287 iussionem
1880 5219 2009 5284 Dei,
2042 5223 2113 5275 ita
2156 5224 2340 5279 animo

760 5302 1034 5373 perculsus
1058 5311 1161 5371 est,
1192 5314 1250 5359 ut
1290 5320 1362 5361 ex
1410 5320 1479 5361 co
1511 5305 1622 5376 jam
1656 5322 1761 5361 non
1789 5308 1978 5363 viderit
2001 5310 2173 5365 virum
2198 5352 2214 5376 ,
2244 5312 2338 5367 sed

760 5412 932 5469 usque
967 5398 1033 5453 ad
1059 5398 1305 5453 ultimum
1334 5398 1477 5455 diem
1516 5400 1586 5455 de
1626 5416 1691 5457 eo
1721 5402 1912 5457 luxerit
1935 5412 1989 5457 et
2016 5404 2338 5477 lacrytuatus

759 5490 850 5557 sit,
881 5491 1094 5560 quando
1144 5491 1304 5547 etiam
1351 5491 1421 5547 ob
1468 5492 1671 5548 doloris
1709 5495 2096 5552 vehementiam
2140 5511 2174 5551 a
2226 5498 2339 5554 Deo

761 5585 1062 5656 increpatus
1106 5595 1208 5641 est.
1260 5585 1533 5654 Quousque
1577 5588 1764 5654 enim,
1823 5589 2029 5658 inquit,
2086 5600 2143 5644 tu
2202 5590 2340 5661 luges

761 5676 893 5733 Sail
915 5720 928 5742 ,
957 5690 1003 5732 et
1037 5694 1128 5750 ego
1168 5679 1331 5748 τερπιιὶ
1363 5679 1506 5732 illum
1547 5678 1729 5748 (Ibid.
1774 5681 1861 5735 16.
1906 5681 2004 5750 1)?
2054 5679 2111 5737 Si
2162 5695 2338 5739 autem

761 5772 843 5827 bis
869 5773 936 5829 ita
958 5772 1384 5844 contingentibus
1422 5771 1650 5843 lugebat,
1681 5788 1786 5846 quo
1810 5773 1989 5829 animo
2014 5784 2135 5832 tunc
2178 5776 2338 5834 fuisse

1479 365 1537 419 S.
1577 360 1851 419 JO.\i\'NlS
1890 358 2361 416 CllRYSOSTOMI
2402 357 2722 415 ARCHIEP.
2764 358 3297 415 CONSTANTINOP.

3948 362 4066 417 430

2468 471 2867 527 existimandus
2908 483 3024 539 est,
3073 490 3193 528 cum
3253 483 3332 528 tot
3374 472 3680 528 sacerdotes
3725 472 3842 528 sine
3895 488 4064 528 causa

2462 564 2769 619 interfecit?
2812 566 3024 634 quando
3089 582 3245 630 eum,
3292 568 3380 635 qui
3433 581 3493 621 se
3537 566 3716 619 multis
3782 565 4066 619 beneﬁciis

2463 656 2724 724 nullisque
2780 654 2985 724 injuriis
3022 655 3304 719 affecerat,
3349 654 3585 712 secundo
3640 669 3695 710 ut
3728 656 4067 710 interﬁceret

2462 745 2734 815 profectus
2761 746 2881 801 est?
2911 746 3120 815 quando
3149 746 3347 800 nudum
3375 748 3521 801 illum
3556 746 3962 817 prophetauteiu
3996 762 4069 799 ac

2459 836 2792 890 decidentem
2836 836 3011 892 vidit?
3055 853 3174 892 cum
3222 837 3423 891 audivit
3478 838 3639 892 David
3698 838 3751 892 in
3801 836 4066 890 familiari

2457 944 2745 999 congressu
2774 931 2938 984 multa
2963 941 3148 985 contra
3180 931 3327 985 illum
3357 930 3820 999 conquerentem?

2530 1020 2582 1073 7.
2612 1019 2779 1073 David
2820 1022 2971 1074 etiam
2993 1021 3233 1075 (erumnis
3259 1028 3484 1075 vdxatus.
3508 1011 3580 1060 3—
3603 1020 3890 1089 Postqnam
3921 1034 4060 1074 vero

2457 1111 2523 1165 de
2555 1111 2715 1165 David
2742 1112 3067 1167 mentionem
3106 1112 3236 1179 feci,
3271 1115 3451 1168 nescio
3483 1112 3608 1183 quid
3638 1104 3813 1182 agam,
3846 1111 4057 1165 lamen-

2458 1212 2579 1257 taue
2623 1204 2763 1257 illius
2793 1204 2950 1274 longa
2996 1214 3051 1259 et
3096 1204 3307 1258 assidua
3328 1246 3341 1268 ,
3374 1220 3493 1275 qua:
3523 1204 3575 1259 in
3606 1204 3823 1273 psalmis
3849 1203 4060 1272 scripta

2455 1302 2575 1346 sunt
2602 1332 2618 1359 ,
2652 1294 2700 1347 iu
2750 1294 2981 1348 medium
3014 1294 3273 1349 adducam
3297 1335 3311 1359 ,
3344 1310 3411 1348 an
3440 1295 3539 1349 ista
3588 1296 3679 1349 tibi
3711 1296 3762 1349 in
3814 1295 3928 1349 otio
3965 1310 4060 1348 re-

2454 1384 2719 1438 censenda
2748 1386 3059 1453 permittens
3104 1385 3269 1455 ipsius
3299 1386 3472 1454 potius
3511 1385 3841 1440 calamitates
3879 1383 4057 1453 expli-

2454 1487 2591 1527 cem.
2625 1472 2673 1528 ls
2712 1474 2869 1543 igitur
2899 1474 3123 1544 plurima
3154 1474 3367 1544 quidem
3402 1489 3526 1530 eum
3573 1489 3761 1544 greges
3801 1484 4056 1543 pasceret

2453 1563 2674 1617 adversa
2708 1580 2989 1634 perpessus
3015 1606 3028 1627 ,
3060 1566 3427 1635 adversusque
3480 1567 3621 1619 aeris
3665 1566 4042 1635 intemperiem

2453 1665 2507 1709 ct
2558 1655 2853 1710 helluarum
2882 1655 3145 1711 feritatem
3191 1657 3480 1711 reluctatus
3509 1665 3610 1710 est.
3640 1656 3879 1723 Quorum
3910 1657 4043 1712 alte-

2453 1762 2570 1801 rum
2601 1763 2664 1801 ex
2709 1749 2774 1801 iis
2819 1764 2938 1819 quae
2992 1749 3157 1804 Jacob
3204 1749 3338 1803 dixit
3367 1790 3383 1815 ,
3434 1749 3657 1804 alterum
3698 1766 3771 1806 ex
3816 1750 3881 1804 iis
3924 1766 4054 1821 qua:

2454 1837 2518 1892 ad
2562 1836 2689 1893 Saul
2729 1840 2797 1893 de
2840 1844 2996 1894 leone
3043 1850 3097 1894 et
3141 1856 3262 1894 ursa
3312 1841 3562 1910 loquutus
3604 1849 3720 1906 est,
3761 1856 4051 1911 possumus

2453 1930 2893 1986 animadvertere.
2940 1931 3128 1987 Postea
3172 1948 3298 1986 vero
3340 1947 3498 2002 quam
3546 1932 3741 1987 omissa
3805 1932 3912 1986 vita
3957 1932 4052 1988 illa

2453 2021 2702 2089 pastorali
2736 2021 2858 2075 belli
2894 2022 3103 2091 negotia
3149 2022 3552 2090 intempestivus
3581 2023 3736 2077 utiles
3774 2022 4049 2091 arripuit,

2452 2112 2639 2165 omitto
2658 2111 2877 2166 fratrum
2904 2113 3172 2178 invidiam,
3196 2114 3293 2168 etsi
3322 2114 3693 2168 molestissima
3717 2129 3779 2169 ea
3808 2130 3907 2177 res
3924 2114 4047 2179 fuit,

2452 2215 2573 2255 cum
2623 2201 2973 2256 clarissimam
3021 2203 3161 2256 illam
3242 2203 3715 2275 admirabilemque
3762 2204 4048 2260 victoriam

2451 2292 2675 2360 adeptus
2720 2305 2903 2360 esset,
2947 2296 3401 2351 vehementiorem
3445 2297 3656 2366 dejecto
3694 2297 3903 2354 Goliath
3959 2299 4049 2351 in-

2453 2387 2603 2440 venit
2646 2386 2918 2442 inimicum
2970 2387 3093 2443 Saul
3125 2430 3139 2453 ,
3174 2404 3294 2443 cum
3333 2405 3361 2442 a
3397 2405 3456 2444 se
3499 2389 3768 2445 beneﬁciis
3818 2390 4049 2445 affectus

2451 2488 2612 2532 esset.
2644 2479 2825 2549 Neque
2859 2480 2998 2534 enim
3028 2482 3199 2549 palam
3228 2481 3481 2537 adversus
3519 2498 3639 2536 eum
3677 2482 4045 2552 prmliabatur,

2450 2569 2541 2623 scd
2575 2572 2865 2624 amantium
2906 2571 3003 2625 sibi
3046 2586 3329 2640 personam
3383 2586 3661 2627 assumens
3690 2613 3707 2640 ,
3762 2574 4046 2643 ipsiusque

2453 2660 2640 2714 honori
2689 2670 2744 2715 et
2785 2661 3023 2730 dignitati
3058 2664 3360 2732 prospicere
3404 2678 3463 2718 se
3503 2664 3759 2718 simulans
3786 2706 3800 2730 ,
3831 2664 3899 2719 ita
3942 2663 4042 2719 ad-

2450 2765 2638 2804 versus
2665 2751 2807 2805 illum
2836 2752 3030 2806 inimici
3060 2768 3208 2806 more
3237 2752 3463 2826 affectus
3502 2763 3634 2808 erat.
3666 2755 3832 2809 Porro
3871 2771 4047 2824 quan.

2452 2850 2561 2894 tum
2594 2842 2789 2895 malum
2845 2843 2913 2895 sit
2942 2858 3037 2912 pro
3064 2844 3218 2899 bonis
3268 2846 3406 2899 mala
3450 2846 3689 2912 recipere
3712 2886 3728 2912 ,
3756 2845 3879 2900 audi
3908 2846 4039 2902 bea-

2450 2941 2560 2987 tum
2592 2934 2905 3003 prepbetam
2950 2934 3294 2988 lamentatem
3331 2935 3531 3005 iugiter
3554 2976 3570 3001 ,
3599 2944 3653 2990 et
3689 2951 3829 3006 a‘gre
3858 2936 4039 2991 feren.

2448 3034 2555 3079 tem
2595 3040 2659 3079 ac
2696 3024 2958 3079 dicentem
2989 3043 3001 3079 :
3029 3025 3090 3080 Si
3117 3024 3393 3079 redduntur
3420 3027 3544 3080 milii
3584 3028 3720 3081 mala
3762 3045 3855 3098 pro
3896 3028 4042 3083 bouis

2453 3114 2583 3185 (Jer.
2616 3115 2701 3169 i8.
2726 3115 2842 3187 ΞΟ).
2888 3115 3028 3172 Sane
3054 3117 3213 3172 etiam
3242 3117 3391 3171 nullo
3428 3117 3536 3172 alio
3580 3127 3845 3187 prmseute
3896 3120 4041 3174 malo

2448 3207 2575 3261 illud
2603 3208 2775 3262 solum
2808 3208 3240 3263 molestissimum
3271 3218 3385 3263 erat
3411 3251 3426 3275 ,
3460 3208 3600 3279 quod
3640 3209 3745 3264 dux
3768 3210 4038 3267 exercitus

2447 3308 2749 3367 susncctum
2779 3314 2837 3353 se
2856 3309 3097 3354 cerneret
3119 3299 3253 3369 regi,
3272 3300 3361 3369 qui
3393 3315 3451 3355 se
3475 3302 3636 3355 torvis
3661 3302 3833 3357 oculis
3859 3304 4039 3360 intue-
4098 3368 4103 3375 η

2445 3397 2613 3445 retur.
2640 3389 2839 3459 Ecquid
2857 3389 2977 3444 dico
2999 3390 3102 3444 dux
3121 3389 3387 3445 exercitus
3403 3391 3549 3461 regi?
3576 3390 3707 3445 Nam
3730 3392 3774 3446 si
3801 3392 4037 3461 idipsum

2446 3494 2545 3532 nos
2565 3494 2593 3531 a
2612 3481 2778 3533 servis
2798 3479 3078 3549 patiamur,
3103 3480 3317 3549 indigne
3343 3479 3584 3545 ferimus;
3615 3496 3735 3535 cum
3759 3489 3937 3536 autem
3970 3497 4038 3542 ex

2445 3571 2569 3624 odio
2617 3571 2820 3625 insidiis
2847 3571 3007 3625 vitam
3037 3572 3327 3642 impetunt,
3360 3587 3479 3642 qua:
3508 3573 3614 3627 vita
3657 3573 3747 3626 illa
3791 3573 4041 3631 acerbior

2444 3661 2628 3717 fuerit?
2641 3663 2866 3718 Ferebat
2882 3674 3055 3718 tamen
3078 3664 3163 3717 ille
3174 3664 3351 3718 omnia
3370 3671 3425 3719 et
3443 3662 3728 3729 tolerabat,
3743 3663 4041 3735 aderatque

2444 3755 2517 3809 illi
2548 3755 2637 3825 qui
2664 3770 2721 3810 se
2740 3756 3002 3825 perimere
3024 3756 3395 3820 meditabatur,
3432 3765 3591 3826 atque
3609 3756 3751 3810 illius
3773 3754 3907 3811 bella
3936 3771 4039 3826 ge.

2443 3849 2614 3903 rebat.
2640 3849 2827 3904 Postea
2874 3865 3003 3904 vero
3040 3864 3196 3918 quam
3224 3848 3463 3913 recessit,
3489 3858 3651 3918 atque
3679 3864 3708 3903 a
3735 3848 3862 3903 belli
3890 3848 4042 3903 curis

2444 3940 2674 4009 seipslim
2695 3940 3049 4006 removit,hoe
3066 3941 3183 4009 ipso
3204 3940 3415 4009 quidem
3432 3938 3574 4009 quod
3590 3953 3648 3995 se
3666 3940 3853 4011 procul
3869 3955 4042 3995 remo-

2445 4038 2596 4083 verat
2616 4039 2933 4099 apertasque
2953 4030 3253 4084 inimicitias
3266 4031 3636 4095 constituerat,
3656 4031 3894 4085 nonnihil
3915 4032 4041 4101 plus

2443 4119 2647 4172 ﬁducia:
2670 4120 3104 4175 habebat:verum
3122 4136 3242 4176 cum
3258 4120 3511 4176 adversus
3526 4129 3698 4177 tantas
3720 4122 3901 4192 copias
3912 4137 4039 4181 cum

2442 4210 2831 4281 quadringintis
2850 4212 2977 4267 viris
2997 4212 3252 4269 dimicare
3272 4221 3573 4283 cogeretur,
3599 4222 3742 4267 metu
3769 4213 4036 4284 ampliore

2442 4321 2602 4375 quam
2652 4306 2795 4374 prius
2822 4307 3121 4362 tenebatur.
3149 4306 3282 4361 Nam
3308 4308 3394 4361 cui
3423 4321 3594 4377 neque
3624 4307 3783 4362 urbes
3809 4347 3825 4373 ,
3861 4321 4040 4377 neque

2443 4398 2851 4465 munimentum,
2880 4414 3053 4469 neque
3073 4398 3221 4464 socii,
3250 4413 3422 4470 neque
3440 4398 3640 4454 reditus
3659 4407 3833 4465 erant,
3858 4397 4041 4452 censis

2442 4489 2568 4544 dera
2586 4504 2689 4560 quo
2709 4492 2888 4547 animo
2904 4499 3035 4556 erat,
3056 4506 3175 4546 cum
3192 4491 3446 4546 adversus
3474 4491 3666 4546 fretum
3684 4490 3767 4545 his
3786 4491 4041 4546 omnibus

2444 4597 2681 4651 pugnare
2704 4591 3006 4653 cogeretur,
3038 4597 3158 4649 nec,
3190 4591 3385 4652 pra-ter
3412 4581 3622 4636 deserta
3644 4591 3697 4636 et
3718 4581 4000 4650 speluncas
4017 4622 4035 4647 ,

2444 4687 2549 4744 quo
2578 4676 2928 4744 confugeret,
2974 4675 3213 4744 reperire
3267 4683 3465 4744 posset.
3498 4672 3630 4727 Nam
3679 4688 3800 4728 cum
3845 4673 4037 4728 urbem

2442 4765 2586 4822 Ccila
2614 4768 2826 4823 nomine
2869 4776 3187 4837 occupasset
3214 4766 3290 4841 (Ι.
3332 4767 3463 4838 Reg.
3495 4763 3729 4834 3.1).ex
3751 4781 3812 4822 ea
3868 4765 4039 4835 proli.-

2446 4876 2544 4915 nus
2582 4861 2805 4927 resiliit,
2849 4860 3143 4916 sacerdotis
3190 4859 3461 4928 responsis
3519 4857 3825 4911 admonitus
3890 4857 4039 4926 quod

2443 4953 2489 5008 si
2520 4953 2628 5009 illic
2671 4968 2890 5008 manere
2941 4958 3220 5022 pergeret,
3244 4951 3385 5005 Deus
3414 4950 3561 5004 illum
3584 4964 3615 5003 e
3660 4949 3832 5004 Saulis
3861 4948 4037 5006 maui-

2444 5044 2546 5100 bus
2575 5060 2680 5100 non
2728 5054 3012 5114 erepturus
3039 5052 3200 5099 esset.
3233 5042 3303 5096 At
3336 5056 3469 5097 vero
3508 5040 3762 5095 sacerdos
3800 5039 3891 5094 ille
3922 5039 4039 5108 ipso

2443 5147 2597 5202 erat,
2657 5136 2747 5205 qui
2787 5137 2963 5191 Saulis
3017 5150 3206 5190 manus
3250 5132 3544 5203 effugerat,
3582 5141 3635 5187 et
3687 5134 3776 5202 qui
3826 5131 4037 5185 cladem

2443 5228 2889 5285 luctuosissimam
2917 5244 3034 5297 qua:
3064 5227 3116 5281 in
3144 5225 3345 5280 Nomba
3375 5225 3670 5294 contigerat
3703 5222 4040 5277 annuntiavit

2445 5326 2602 5392 regi,
2630 5320 2844 5392 quando
2891 5320 2942 5374 in
2974 5318 3363 5381 amarissimam
3407 5328 3620 5391 quoque
3666 5314 3808 5369 illam
3859 5313 4037 5382 erupit

2445 5430 2663 5470 vocem:
2696 5413 2807 5483 Ego
2837 5414 2971 5466 enim
3007 5427 3118 5465 sum
3141 5426 3259 5465 reus
3283 5418 3581 5478 cunctarum
3621 5408 3906 5461 animarum
3934 5406 4033 5458 do-

2447 5523 2560 5561 mus
2597 5508 2759 5576 patris
2787 5505 2863 5557 tui
2911 5501 2987 5575 (l.
3012 5501 3153 5573 Reg.
3190 5501 3281 5556 22.
3309 5499 3424 5571 εξ).
3471 5497 3654 5569 itaque
3682 5512 3804 5553 cum
3836 5495 3925 5551 illo
3949 5495 4033 5564 ju-

2447 5600 2583 5668 giter
2626 5609 2943 5663 congressus
2978 5593 3104 5647 nihil
3135 5591 3278 5647 aliud
3314 5598 3431 5647 erat
3480 5604 3638 5658 quam
3692 5587 3865 5642 luctus
3894 5587 4033 5641 illius

2450 5688 2854 5745 monimentum.
2895 5684 3029 5743 Cum
3084 5686 3227 5746 enim
3272 5683 3322 5737 in
3352 5683 3499 5737 illum
3530 5680 3857 5744 intuebatur.
3887 5680 4034 5739 necis

2452 5777 2783 5836 sacerdotum
2832 5794 3044 5850 semper
3086 5777 3421 5837 meminerat.
3450 5774 3621 5831 Porro
3660 5774 3828 5846 ipsius
3852 5768 4021 5828 Caedis
