4264 6312
211 395 324 454 479

215 525 340 580 μοις
381 506 475 577 καὶ
518 507 718 579 μάχαις
764 511 1294 584 συναναστρέφεσθαι
1332 511 1660 580 διαπαντός;
1713 513 1806 568 καὶ

213 597 377 650 ποίαν
401 596 468 649 ἂν
496 598 708 668 ἀφῆκεν
742 600 798 649 ἐν
837 600 1170 653 καταστάσει
1210 599 1391 670 ψυχὴν
1419 602 1710 670 γενέσθαι;
1743 601 1806 654 Εί

212 685 324 756 γὰρ
357 687 452 738 καὶ
480 685 648 739 νικῶν
685 683 934 750 διετέλει,
963 688 1078 740 ἀλλ’
1110 688 1261 758 ὅμως
1287 688 1385 760 τὴν
1414 691 1522 744 ἀπὸ
1547 690 1654 743 τῶν
1678 705 1808 760 τρο-

213 774 394 826 παίων
420 775 614 845 ήδονὴν
657 775 692 847 ἡ
742 774 853 829 τῶν
910 773 1379 846 περιλειπομένων
1418 778 1643 849 φροντὶς
1687 795 1808 830 συν-

211 861 481 930 ετάραττε
507 901 522 924 ,
551 862 647 916 καὶ
689 864 723 935 ὴ
754 849 864 918 τῶν
905 862 1123 934 κλήρων
1153 862 1208 916 δέ
1232 863 1462 935 διανομὴ
1499 865 1666 918 πολὺν
1710 865 1812 934 μέν

214 951 398 1014 πόνον,
430 949 633 1014 πολλάς
659 951 715 1004 δὲ
743 952 1004 1023 παρεῖχεν
1031 949 1182 1021 αύτῷ
1224 950 1324 1014 τὰς
1353 951 1664 1015 δυσκολίας.
1699 952 1813 1005 Καὶ

211 1039 394 1092 ἴσασιν
428 1029 542 1091 ὅσοι
586 1040 679 1092 καὶ
704 1039 803 1109 τὴν
835 1037 1108 1108 τυχοῦσαν
1129 1039 1317 1092 ούσίαν
1364 1039 1640 1110 διανεῖμαι
1687 1040 1813 1094 ἐτά-

209 1126 422 1197 χθησαν
463 1125 712 1193 ἀδελφοῖς
757 1126 936 1195 ῆτοῖς
981 1123 1246 1196 ἑτέρωθεν
1265 1125 1576 1196 γινομένοις
1615 1125 1815 1197 κληρο-

211 1213 399 1282 νόμοις
425 1212 590 1276 τινός.
627 1212 736 1275 Τὰς
768 1211 876 1282 γὰρ
916 1211 1044 1282 ἑξῆς
1072 1212 1164 1266 τοῦ
1194 1211 1326 1266 λαοῦ
1361 1212 1649 1284 συμφορὰς
1691 1213 1813 1266 ούδέ

210 1295 367 1369 οἶμαι
397 1300 510 1354 δεῖν
548 1299 759 1368 λέγειν’
805 1300 866 1352 ού
907 1299 1016 1370 γὰρ
1038 1301 1091 1353 ετ
1117 1317 1201 1362 τις
1248 1299 1509 1371 ὀδυνηρὸν
1575 1299 1690 1370 βίον
1733 1299 1814 1356 δι-

211 1390 391 1456 ήγαγε
413 1427 427 1448 ,
462 1387 746 1456 πρόκειται
779 1386 873 1440 νῦν
903 1389 1097 1453 εἰπεῖν,
1128 1387 1242 1441 ἀλλ’
1274 1389 1327 1441 εἷ
1355 1405 1440 1451 τις
1478 1387 1587 1441 τῶιΙ
1609 1387 1812 1460 σφόδρα

210 1474 669 1546 εὐηρεστηκότων
703 1473 778 1544 τῷ
813 1473 950 1544 Θεῷ.

307 1612 348 1661 ς
369 1645 383 1659 .
412 1605 632 1678 Διόπερ,
657 1609 704 1660 εἰ
724 1607 888 1672 δοκεῖ,
919 1605 1011 1660 τὸν
1045 1605 1164 1660 Ἠλὶ
1188 1606 1572 1678 παρέλθωμεψ
1591 1607 1686 1661 καὶ
1701 1606 1814 1678 γάρ

208 1689 370 1761 οὗτος
399 1696 507 1748 τῶν
534 1694 1058 1766 προσκεκρουκότων
1080 1694 1197 1747 ἐστὶ
1223 1694 1312 1747 διὰ
1338 1695 1436 1766 τὴν
1464 1695 1573 1748 τῶν
1603 1694 1812 1748 παίδων

211 1785 434 1843 κακίαν.
480 1783 681 1854 μᾶλλον
717 1782 772 1835 δέ
813 1782 900 1835 διὰ
927 1782 1029 1854 τὴν
1064 1781 1230 1835 αὐτοῦ
1265 1781 1560 1853 ῥαθυμίαν.
1598 1782 1674 1836 Οὐ
1705 1781 1813 1854 γάρ

208 1873 292 1924 ὅτι
318 1889 454 1941 πονη
465 1873 589 1942 ρους
610 1866 721 1940 εἶχε
744 1873 938 1935 παῖδας
964 1871 1273 1936 ἐκολάζετο,
1298 1869 1411 1923 ἀλλ’
1433 1871 1513 1924 ὅτι
1545 1871 1687 1941 πέρα
1717 1869 1812 1922 τοῦ

207 1961 419 2023 δέοντος
457 1959 717 2028 φειδωλὸς
765 1954 854 2029 ἦν,
911 1960 1148 2021 καὶτοῖς
1179 1957 1274 2011 τοῦ
1302 1956 1438 2011 Θεοῦ
1479 1959 1666 2028 νόμοις
1729 1957 1816 2011 ἐν·

209 2047 594 2119 υϐριζομένοις
611 2048 710 2100 οὐκ
726 2049 950 2120 ἥμυνεν·
973 2047 1119 2120 άπερ
1142 2047 1236 2100 καὶ
1255 2047 1418 2111 αὐτὸς
1432 2046 1658 2100 συνιδὼν
1679 2045 1817 2118 μετά

209 2137 310 2206 τὴν
361 2135 598 2206 σφοδρὰν
637 2135 866 2207 ἀπειλὴν
905 2135 1081 2204 ἔλεγε·
1115 2136 1331 2204 Κύριος
1369 2135 1554 2202 αὐτὸς
1589 2133 1654 2188 τὸ
1683 2134 1816 2203 ἁρε-

207 2225 365 2280 στὸν
387 2223 644 2277 ἐνώπιον
669 2223 855 2277 αὐτοῦ
885 2222 1147 2291 ποωξσει.
1175 2223 1270 2275 Διὸ
1292 2224 1357 2294 δὴ
1389 2223 1582 2276 τοῦτον
1610 2220 1818 2292 παρελ-

210 2313 397 2375 θόντες
427 2311 670 2382 ἔλθωμεν
697 2312 788 2364 ἐπὶ
812 2311 903 2363 τὸν
939 2310 1229 2383 Σαμουὴλ,
1261 2311 1320 2374 ὃς
1355 2311 1566 2382 ἐτράφη
1611 2309 1710 2382 μὲν
1752 2312 1817 2363 ἐκ

209 2397 402 2466 παιδὸς
444 2405 500 2457 ἐν
527 2399 617 2474 τῷ
649 2402 784 2472 ναῷ,
820 2402 1110 2474 ηὐδοκίμει
1143 2401 1200 2454 δέ
1241 2401 1532 2464 διαπαντὸς
1582 2399 1816 2452 ἐνώπιον

208 2491 306 2545 τοῦ
338 2491 475 2544 Θεοῦ
498 2509 512 2523 ο
548 2491 818 2562 τοσαύτην
838 2491 895 2544 δέ
920 2493 984 2544 ἐκ
1007 2489 1233 2562 πρώτης
1255 2489 1477 2560 ήλικίας
1502 2487 1818 2552 ἐπεδείξατο

208 2583 310 2650 τὴν
348 2582 570 2652 ἀρετὴν,
602 2581 678 2643 ῶς
713 2582 843 2650 πρὶν
875 2581 956 2644 εἰς
996 2580 1199 2652 ἄνδρας
1229 2578 1407 2632 ἐλθεῖν
1441 2580 1556 2641 τοῖς
1601 2577 1816 2648 θαυμα-

213 2673 361 2734 στοῖς
403 2669 732 2741 ἐγκριθῆναι
771 2670 1119 2740 προφήταις,
1172 2669 1268 2721 καὶ
1314 2666 1492 2720 ταῦτα
1531 2665 1626 2719 τοῦ
1671 2665 1818 2737 πρά-

209 2775 426 2828 γματος
454 2757 860 2821 ἐπιλελοιπότος
897 2758 1043 2810 τότε.
1075 2759 1158 2811 Οὐ
1183 2759 1296 2826 γὰρ
1323 2752 1422 2826 ἦν,
1457 2755 1644 2825 φησὶν,
1683 2754 1821 2821 ὅρα-

209 2864 315 2912 σις
362 2846 846 2909 διαστέλλουσα,
897 2845 999 2900 καὶ
1036 2844 1204 2914 ῥῆμα
1252 2846 1450 2914 τίμιον
1496 2840 1593 2914 ἦν.
1653 2836 1821 2904 Οὗτος

209 2937 279 3006 δὴ
306 2931 400 2988 οὖν
428 2936 457 2987 ὁ
487 2933 740 3004 Σαμουὴλ
761 2975 773 2996 ,
807 2935 836 2986 ὁ
869 2934 1007 3003 μετὰ
1044 2933 1254 2985 πολλῶν
1279 2931 1536 3004 δακρύων
1569 2929 1818 2999 τεχθεὶς,

215 3024 433 3096 πρῶτον
467 3023 565 3094 μὲν
598 3022 741 3094 ὁρῶν
785 3021 983 3076 ἐαυτοῦ
1023 3021 1116 3075 τὸν
1146 3020 1469 3074 διδάσκαλον
1509 3019 1705 3087 ἐκείνῳ
1743 3015 1822 3086 τῷ

214 3109 440 3182 ἐλεεινῷ
497 3109 870 3180 ἀπενεχθέντα
917 3109 1167 3179 θανάτῳ,
1219 3105 1364 3160 οὕτω
1409 3104 1680 3176 συνεχύθη
1727 3103 1822 3156 καὶ

215 3199 517 3271 ἐταράχθη,
540 3199 615 3262 ῶς
636 3199 780 3261 εἰκὸς
800 3197 1123 3266 εὐγνώμονα
1145 3195 1396 3266 μαθητὴν
1420 3195 1513 3247 καὶ
1541 3193 1823 3268 φιλόστορ-

217 3305 337 3356 γον.
382 3287 537 3339 Μετὰ
563 3286 619 3338 δέ
664 3285 822 3338 τοῦτο
855 3285 949 3338 καὶ
977 3285 1077 3347 τάς
1131 3282 1430 3345 Ἰουδαῖκέις
1473 3280 1823 3351 ἠναγκάζετο

219 3374 462 3444 συνεχῶς
488 3373 708 3445 θρηνεῖν
739 3371 1048 3444 συμφοράς.
1075 3373 1139 3425 Οἱ
1165 3373 1222 3425 δέ
1252 3371 1441 3433 παῖδες
1469 3368 1624 3442 [ili]
1651 3369 1818 3422 αὐτοῦ

217 3463 396 3518 ἄδικοι
429 3463 578 3526 ὄντες
610 3464 704 3515 καὶ
735 3461 1022 3534 μοχθηροὶ,
1057 3460 1154 3514 καὶ
1187 3462 1265 3524 εἰς
1301 3460 1528 3530 ἔσχατον
1560 3457 1827 3530 πονηρίας

221 3552 540 3616 ἐλαύνοντες
560 3592 575 3617 ,
615 3551 792 3623 τούτῳ
818 3569 879 3604 τε
914 3550 1147 3604 ἐλύπουν
1179 3549 1341 3604 αὐτὸν
1373 3550 1470 3603 καὶ
1501 3548 1579 3620 τῷ
1616 3548 1692 3620 μὴ
1730 3548 1826 3602 δύ-

221 3641 420 3696 νασθαι
448 3641 858 3712 κληρονομῆσαι
901 3639 1000 3710 τῆς
1025 3639 1220 3708 ἐκείνῳ
1264 3636 1705 3710 παρασχεθείσης
1741 3653 1826 3689 τι-

226 3731 359 3800 μῆς.
385 3729 603 3800 Ταύτην
632 3728 937 3798 διαδέχεται
966 3726 1065 3798 τὴν
1089 3725 1354 3796 ἀθυμίαν,
1390 3724 1592 3794 μᾶλλον
1615 3723 1671 3777 δὲ
1703 3723 1827 3776 οὐδὲ

220 3819 550 3887 διαδέχεται,
582 3817 641 3868 ού
661 3816 770 3886 γάρ
794 3816 1092 3881 ἐπαύσατο,
1117 3813 1254 3868 ἀλλά
1285 3812 1638 3885 προστίθεται
1655 3809 1830 3884 ταύτῃ

221 3907 389 3978 ήτῆς
427 3905 536 3959 τῶν
595 3904 948 3976 Ἰσραηλιτῶν
985 3905 1259 3975 αἰτήσεως
1298 3903 1651 3974 παρανομία,
1699 3899 1830 3952 ἔνθα

223 3995 370 4050 οὕτω
397 3995 721 4058 κατέπεσεν,
749 3993 824 4056 ὼς
852 3993 948 4045 καὶ
977 3992 1380 4063 παρακλήσεως
1411 3989 1669 4061 δεηθῆναι
1699 3987 1830 4042 πολ-

223 4085 348 4154 λῆς.
374 4085 642 4136 ’Ἄκουσον
668 4077 759 4136 οῦν
782 4081 834 4133 τί
862 4097 1027 4151 φησιν
1053 4080 1204 4151 αύτῷ
1229 4082 1258 4133 ὁ
1279 4079 1432 4142 Θεός⁸
1462 4080 1543 4132 Οὐ
1568 4077 1644 4131 σὲ
1663 4077 1831 4141 ἐξου-

224 4172 581 4242 θενήκασιν,
609 4170 746 4224 ἀλλ’
783 4169 820 4237 ἢ
849 4168 974 4238 ἐμέ.
1014 4167 1152 4221 Ἀλλ’
1180 4170 1330 4239 ὅμως
1362 4167 1454 4220 καὶ
1489 4167 1628 4238 μετά
1655 4165 1831 4219 ταῦτα

223 4260 402 4323 οῦτως
441 4257 621 4313 αὐτῶν
651 4255 875 4328 ἐκήδετο
905 4257 981 4320 ῶς
1007 4259 1182 4309 εἰπεῖν
1218 4257 1355 4328 πρὸς
1386 4254 1582 4317 αὐτούς
1603 4271 1615 4284 '
1663 4254 1829 4324 Ἐμοί

224 4351 299 4405 δὲ
324 4351 410 4419 μὴ
445 4349 674 4418 γένοιτο
717 4345 1004 4416 ἁμαρτεῖν
1043 4345 1149 4399 τοῦ
1183 4344 1486 4398 διαλιπεῖν
1524 4341 1833 4419 εὐχομένω

227 4440 384 4506 ὑπὲρ
423 4435 608 4507 ὑμῶν.
657 4435 892 4498 Τούτους
926 4434 990 4505 δὴ
1025 4429 1117 4486 οῦν
1147 4433 1290 4504 ὁρῶν
1319 4433 1446 4496 τοὺς
1484 4430 1656 4495 οὕτως
1691 4432 1834 4500 ἀγα-

229 4528 524 4599 πωμένους
549 4527 638 4578 ὑπ’
667 4524 832 4577 αὑτοῦ
862 4524 1049 4587 κακῶς
1081 4524 1419 4593 πράττοντας
1437 4563 1453 4587 ,
1485 4522 1582 4576 καὶ
1613 4520 1835 4576 πταίον-

227 4634 332 4680 τας
361 4617 418 4667 ἐν
448 4615 735 4684 πολέμοις,
765 4613 860 4665 κοιλ⁸
908 4612 1344 4683 παροργίζοντας
1377 4611 1467 4664 τὸν
1500 4610 1655 4676 Θεὸν,
1689 4609 1834 4674 τίνος

232 4706 302 4758 ἂν
348 4703 546 4774 ᾔσθετο
575 4703 796 4773 ήδονῆς;
832 4703 984 4752 ποῖον
1016 4699 1073 4752 δέ
1131 4699 1196 4752 ἂν
1235 4698 1427 4767 καιρὸν
1453 4697 1692 4770 ἀθυμίας
1740 4699 1835 4752 καὶ

229 4792 488 4864 δακρύων
524 4775 771 4862 διήγαγε
789 4788 993 4860 10091;;
1049 4787 1271 4858 Ἐπειδὴ
1309 4786 1368 4839 δὲ
1401 4789 1497 4841 καὶ
1529 4787 1836 4856 κατέστησε

236 4881 464 4953 βασιλέα
515 4880 607 4933 τὸν
657 4878 866 4940 Σαοὺλ,
918 4875 1212 4947 ἐπάλληλοι
1250 4875 1411 4930 πάλιν
1464 4875 1616 4947 αὐτῷ
1651 4875 1836 4930 ὀδύναι

235 4973 330 5024 καί
361 4971 604 5040 συνεχεῖς
651 4965 1054 5039 προσετίθεντο.
1109 4965 1215 5018 Καὶ
1247 4964 1356 5032 γὰρ
1394 4965 1484 5018 ὅτε
1515 4965 1613 5036 τὴν
1646 4964 1837 5020 Θυσίαν

235 5059 508 5130 ἀνήνεγκε
569 5057 722 5127 παρά
774 5053 836 5106 τὺ
879 5053 958 5124 τῷ
999 5053 1120 5123 Θεῷ
1167 5052 1380 5116 δοκοῦν,
1427 5053 1524 5107 καὶ
1565 5055 1655 5107 ὅτε
1711 5053 1840 5118 τοὺς

253 5147 627 5217 Ἀμαληκίτας
643 5145 927 5216 κρατήσας
946 5143 1205 5219 ἐφείσατο
1226 5142 1319 5196 τοῦ
1340 5141 1607 5213 βασιλέως
1633 5143 1836 5212 αὐτῶν,

239 5224 338 5292 καὶ
362 5235 522 5289 τοῦτο
549 5233 703 5305 παρά
731 5232 792 5284 τὸ
830 5229 1148 5295 κελευσθὲν,
1179 5229 1354 5295 οὕτως
1378 5231 1595 5303 ἐπλήγη
1621 5232 1718 5304 τὴν
1739 5233 1842 5304 ψυ-

241 5329 366 5400 χὴν,
400 5327 474 5389 ῶς
501 5325 700 5397 μηκέτι
729 5323 820 5376 τὸν
849 5321 1021 5395 ἄνδρα
1067 5322 1217 5385 ἰδεῖν,
1259 5321 1374 5375 ἀλλ’
1405 5321 1465 5386 ἐξ
1497 5323 1708 5376 ἐκείνου
1745 5324 1845 5393 μέ-

241 5436 335 5489 χρι
361 5416 460 5486 τῆς
500 5415 737 5486 ἐσχάτης
766 5414 979 5485 ἡμέρας
1008 5412 1228 5467 πενθεῖν
1257 5413 1351 5467 καὶ
1375 5412 1633 5484 δακρύειν
1655 5413 1842 5478 αὐτὸν,

243 5507 333 5561 ὅτε
369 5506 463 5558 καὶ
491 5503 799 5574 ἐπετιμήθη
821 5502 910 5556 διὰ
939 5501 1001 5556 τὸ
1030 5501 1132 5572 τῆς
1150 5499 1390 5572 ἀθυμίας
1409 5501 1659 5572 σφοδρόν.
1689 5503 1845 5570 Ἕως

247 5595 390 5648 ,τότε
415 5592 546 5664 γὰρ,
576 5592 730 5663 φησὶ,
756 5590 837 5644 σὺ
859 5589 1100 5654 πενθεῖς
1137 5587 1238 5642 ἐπὶ
1263 5588 1486 5654 Σαοὺλ,
1522 5590 1687 5661 κάγὼ
1733 5592 1842 5646 ἀπο

245 5681 441 5751 ῶσμαι
463 5681 653 5734 αὐτόν
675 5695 693 5744 ;
717 5680 780 5732 Εί
797 5679 852 5732 δέ
869 5679 1076 5731 τούτων
1103 5679 1491 5749 γεγενημένων
1511 5679 1847 5746 ἐπένθει,τίς

244 5765 316 5840 ἦν
347 5771 485 5838 ἄρα,
514 5769 604 5820 ὅτε
651 5769 777 5830 τοὺς
805 5766 1094 5828 τοσούτους
1129 5766 1364 5836 ἔσφαξεν
1408 5769 1592 5840 ἱερέας
1637 5770 1846 5834 ἐκεῖνος

246 5858 374 5930 είκῆ
407 5859 500 5912 καὶ
533 5857 744 5928 μάτην;
775 5857 863 5910 ὅτε
895 5855 986 5908 τὸν
1018 5856 1314 5929 εὐεργέτην
1349 5859 1442 5912 καὶ
1463 5858 1616 5912 οὐδὲν
1647 5859 1842 5931 ἠδικη-

249 5947 407 6016 κότα,
431 5945 682 6016 δεύτερον
711 5939 874 6015 ἦλθεν
904 5945 1113 6002 ἀνελεῖν
1139 5965 1152 6015 ;
1186 5949 1274 6003 ὅτε
1310 5949 1519 6023 γυμνὸν
1546 5949 1710 6004 αὖτδν
1739 5945 1844 6003 εἶδε

1038 398 1132 452 AD
1172 397 1557 454 STAGIRIUM
1596 400 1643 457 Α
1681 399 1996 460 ΒλΕΜΟΝΕ
2029 392 2529 453 V'EXA'I'UMJJB.
2575 395 2660 451 111.

3409 393 3513 450 ιεο

1926 510 2341 582 προφητεύοντα
2397 512 2488 562 καὶ
2547 510 2997 579 καταπίπτοντα;
3054 498 3144 566 ὅτε
3207 510 3300 566 τοῦ
3349 511 3516 567 Δαυῒδ

1923 600 2126 669 ἤκουσε
2157 597 2330 669 μυρία
2359 595 2494 666 πρὸς
2525 595 2687 651 αὑτὸν
2709 597 3116 671 ἀποδυρομένου
3145 600 3240 653 καὶ
3264 598 3522 670 ἐντυγγά-

1922 701 2105 748 νοντος
2123 701 2137 750 ;
2628 755 2631 759 _

1993 773 2060 840 ζ’.
2079 771 2372 844 Ἐπειδὴδέ
2393 772 2485 826 τοῦ
2501 771 2979 846 Δαυῖδὲμνήσθην,
2993 774 3094 828 οὐκ
3106 770 3223 829 οἶδα
3235 774 3288 828 τί
3304 771 3520 845 πράξω

1922 861 2155 933 πότερον
2183 862 2310 924 τοὺς
2341 859 2572 932 θρήνους
2603 860 2770 914 αὑτοῦ
2793 863 2921 926 τοὺς
2953 863 3198 934 μακροὺς
3238 861 3337 916 καὶ
3390 879 3521 915 συνο

1921 952 2068 1021 εχεῖς
2087 949 2214 1012 τοὺς
2231 951 2290 1002 ἐν
2310 951 2424 1012 τοῖς
2443 947 2680 1018 ψαλμοῖς
2693 949 3228 1022 ἀναγεγραμμένους
3252 953 3332 1013 είς
3356 948 3423 1020 μέ
3432 966 3525 1003 σον

1921 1037 2116 1106 ἀγάγω
2141 1036 2257 1102 νῦν,
2306 1035 2340 1107 ἢ
2384 1035 2610 1099 τούτους
2639 1037 2799 1105 ἀφεὶς
2848 1035 3214 1102 ἀναλέξασθαί
3266 1053 3348 1092 σοι
3380 1036 3528 1090 κατά

1922 1124 2141 1196 σχολὴν,
2183 1123 2346 1186 αὐτὸς
2380 1123 2478 1186 τὰς
2525 1123 2962 1184 ὲκείνου.διὲλθω
3004 1124 3314 1196 συμφοράς.
3355 1117 3526 1186 Οὗτος

1921 1213 2106 1268 τοίνυν
2126 1214 2156 1265 ὁ
2179 1211 2344 1266 Δαυῒδ
2374 1211 2544 1266 πολλά
2577 1212 2676 1283 μὲν
2711 1213 2808 1266 καὶ
2837 1215 2897 1267 ἐν
2948 1212 3026 1284 τῷ
3054 1211 3366 1283 ποιμαίνειν
3416 1212 3524 1265 ὑπ·
3555 1211 3558 1213 “

1923 1301 2106 1374 έμεινε
2144 1299 2313 1364 δεινά,
2347 1299 2442 1353 καὶ
2472 1302 2590 1363 ταῖς
2613 1299 2721 1353 τῶν
2750 1300 2930 1372 ἀέρων
2968 1300 3316 1371 ἀνωμαλίαις
3336 1301 3430 1354 καὶ
3458 1301 3527 1372 τῇ

1921 1389 2032 1443 τῶν
2071 1387 2278 1461 θηρίων
2310 1388 2597 1459 ἀγριότητι
2639 1389 2974 1459 μαχόμενος·
3021 1388 3204 1442 καὶτὸ
3235 1387 3335 1459 μέν
3359 1387 3420 1454 ἐξ
3452 1380 3529 1441 ὧν

1918 1479 1952 1532 ὁ
1990 1477 2184 1532 Ἰακὼϐ
2220 1477 2421 1550 ἔφησεν
2445 1477 2593 1531 ἐστιν
2627 1477 2777 1543 ίδεῖν,
2812 1477 2874 1531 τὸ
2906 1477 2964 1530 δέ
2993 1479 3052 1545 ἐξ
3086 1473 3165 1533 ὧν
3192 1478 3358 1542 αὐτὸς
3388 1476 3530 1550 πρὸς

1922 1568 2015 1622 τὸν
2044 1567 2219 1621 Σαοὺλ
2241 1567 2514 1635 διελέγετο
2536 1566 2780 1639 περὶτοῦ
2801 1569 3018 1631 λέοντος
3039 1569 3136 1621 καὶ
3164 1568 3268 1638 τῆς
3296 1567 3528 1639 ἄρκτου.

1936 1655 2154 1728 Ἐπειδὴ
2192 1656 2250 1710 δέ
2287 1657 2381 1709 τὸν
2418 1656 2534 1726 βίον
2573 1657 2731 1726 ἀφεὶς
2757 1658 2971 1710 ἐκεῖνον
3013 1657 3120 1728 πρὸ
3159 1657 3313 1728 ὥρας
3343 1659 3424 1722 είς
3459 1658 3535 1712 τὰ

1921 1743 2016 1797 τοῦ
2045 1743 2289 1814 πολέμου
2324 1744 2629 1816 πράγματα
2654 1744 2875 1807 ἔπιπτε,
2898 1745 3000 1814 τὴν
3025 1745 3125 1816 μὲν
3147 1745 3256 1799 τῶν
3283 1745 3533 1815 ἀδελφῶν

1926 1833 2228 1904 βασκανίαν
2251 1833 2477 1904 ἀφίημι,
2505 1833 2554 1885 εί
2575 1833 2670 1886 καὶ
2699 1833 2904 1905 σφόδρα
2919 1833 3081 1906 τοῦτό
3100 1835 3220 1888 ἐστι
3245 1835 3529 1908 φορτικόν

1923 1921 2039 1975 ἀλλ’
2067 1920 2258 1992 ἐπειδὴ
2300 1919 2636 1994 κατώρθωκε
2681 1921 2778 1991 τὴν
2812 1921 3078 1993 λαμπρὰν
3123 1921 3281 1994 νίκην
3314 1923 3534 1994 ἐκείνην

1925 2010 2022 2064 καὶ
2054 2009 2377 2082 θαυμαστὴν
2409 2010 2750 2082 μονομαχίαν
2775 2011 3238 2083 ἀναδεξάμενος·,
3273 2005 3404 2082 εὗρε
3433 2012 3532 2074 τοῦ

1925 2097 2365 2166 καταϐληθέντος
2393 2099 2432 2150 Γ
2435 2098 2588 2152 ολιάθ
2624 2097 2985 2171 σφοδρότερον
3014 2099 3211 2171 ἐχθρὸν
3244 2099 3336 2154 τὸν
3369 2101 3533 2179 εύερ-

1924 2186 2233 2258 γετηθέντα
2265 2186 2460 2240 Σαούλ.
2494 2187 2570 2242 Οὐ
2599 2188 2710 2260 γάρ
2739 2189 2804 2240 ἐκ
2827 2188 2922 2242 τοῦ
2947 2188 3186 2260 φανεροῦ
3211 2188 3352 2258 πρὸς
3368 2189 3534 2242 αὐτὸν

1927 2276 2340 2346 παρετάττετο,
2381 2274 2517 2329 ἀλλά
2566 2276 2627 2332 τὸ
2667 2275 2776 2330 τῶν
2837 2275 3137 2345 φιλούντων
3185 2279 3536 2348 προσωπεῖον

1927 2362 2152 2428 ὑποδὺς,
2191 2364 2288 2417 καὶ
2311 2364 2404 2418 τὸν
2433 2365 2682 2436 τιμῶντα
2706 2365 2809 2418 ,καὶ
2831 2363 3130 2436 κηδόμενον
3157 2365 3537 2437 ὑποκρινάμει

1925 2470 2016 2518 νος
2035 2495 2050 2521 ,
2085 2452 2260 2517 οῦτως
2300 2452 2464 2507 αὑτὸν
2494 2453 2718 2507 διετίθει
2749 2452 2820 2506 τὰ
2853 2453 2963 2506 τῶν
2994 2452 3228 2524 ἐχθρῶν.
3257 2451 3432 2506 Τοῦτο
3477 2453 3538 2507 δὲ

1925 2547 2050 2601 ὅσον
2091 2547 2214 2599 ἐστὶ
2253 2545 2424 2600 κακὸν
2453 2547 2576 2601 ἀντὶ
2613 2545 2837 2616 ἀγαθῶν
2885 2545 3302 2617 ἀπολαμϐάνειν
3348 2546 3536 2609 κακά,

1926 2639 2160 2694 ἄκουσον
2189 2638 2288 2693 τοῦ
2319 2640 2592 2711 μακαρίου
2625 2641 2910 2712 προφήτου
2950 2638 3112 2693 τοῦτο
3147 2638 3387 2710 συνεχῶς
3411 2639 3540 2715 θρη-

1927 2731 2146 2796 νοῦντος
2180 2733 2275 2786 καὶ
2303 2733 2835 2805 δυσανασχετοῦντος
2865 2734 2962 2788 καὶ
2999 2732 3273 2802 λέγοντος,
3304 2736 3375 2788 El
3395 2735 3540 2788 ἀντ-

1926 2821 2283 2878 αποδίδοται
2295 2839 2398 2891 μοι
2421 2826 2578 2877 κακὰ
2599 2824 2733 2878 ἀντὶ
2753 2823 3008 2893 ἀγαθῶν.
3033 2825 3286 2878 Μάλιστα
3319 2823 3418 2895 μὲν
3445 2818 3541 2876 οῦν

1929 2914 2021 2966 καὶ
2064 2914 2294 2985 μηδενὸς
2329 2915 2627 2986 προσόντος
2664 2915 2842 2968 δεινοῦ
2877 2915 3037 2970 τοῦτο
3073 2917 3208 2970 αὐτὸ
3237 2915 3541 2970 καθ’ἐαυτὸ

1929 3005 2132 3076 πολλῆς
2153 3005 2392 3075 ἀθυμίας
2420 3004 2588 3072 ἄξιον,
2611 3006 2676 3059 δι’
2697 3007 2932 3076 ὑποψίας
2959 3003 3096 3062 εἶναι
3115 3009 3212 3061 τὸν
3233 3006 3542 3080 στρατηγὸν

1930 3097 2006 3169 τῷ
2029 3095 2182 3171 [215]
2204 3099 2434 3170 βασιλεῖ,
2455 3098 2550 3152 καὶ
2580 3099 2760 3171 ἀηδῶς
2783 3098 3014 3170 ὁρᾶσθαι
3046 3100 3137 3154 ὑπ’
3156 3101 3345 3155 αὑτοῦ.
3361 3100 3542 3154 Καὶτί

1931 3192 2074 3261 λέγω
2098 3193 2403 3265 στρατηγὸν
2435 3193 2679 3263 βασιλεῖ;
2712 3193 2830 3248 Κᾶν
2854 3193 2964 3266 γάρ
2999 3194 3150 3267 παρὰ
3172 3195 3282 3248 τῶν
3312 3193 3545 3248 οἰκετῶν

1930 3284 2094 3356 ἡμεῖς
2139 3285 2300 3338 τοῦτο
2340 3284 2606 3357 πάθωμεν
2630 3325 2644 3352 ,
2676 3286 3109 3358 δυσχεραίνομεν
3137 3303 3152 3318 ·
3178 3289 3310 3342 ὅταν
3348 3287 3408 3340 δέ
3449 3287 3546 3342 καὶ

1933 3376 2225 3432 ἐπιϐουλαϊ
2250 3378 2567 3449 ράπτωνται
2597 3377 2740 3432 κατά
2761 3380 2860 3450 τῆς
2887 3378 2982 3433 τοῦ
3017 3379 3349 3452 μισουμένου
3373 3379 3542 3449 ζωῆς,

1930 3472 2014 3535 τίς
2050 3471 2115 3524 ἂν
2161 3470 2369 3540 γένοιτο
2422 3470 2536 3541 βίος
2572 3471 2765 3527 τούτου
2816 3472 3177 3546 πικρότερος;
3208 3471 3353 3526 Ἀλλ’
3392 3473 3545 3543 ὅμως

1936 3565 2152 3619 ἅπαντα
2189 3563 2350 3635 ἔφερε
2392 3564 2488 3618 καὶ
2547 3565 2816 3636 ἠνείχετο,
2861 3566 2957 3620 καὶ
3007 3566 3174 3636 συνῆν
3204 3565 3282 3636 τῷ
3311 3564 3546 3635 φονῶντι

1934 3657 2052 3709 κατ’
2085 3654 2275 3720 αὐτοῦ,
2303 3656 2397 3708 καὶ
2435 3657 2766 3729 ἐστρατήγει
2811 3658 2940 3722 τοὺς
2984 3658 3197 3712 ἐκείνου
3248 3658 3540 3730 πολέμους.

1947 3748 2166 3819 Ἐπειδὴ
2188 3749 2246 3802 δέ
2287 3765 2420 3802 ποτε
2446 3749 2542 3803 καὶ
2571 3750 2894 3823 ἀπεδήμησε
2928 3753 3023 3806 καὶ
3054 3752 3246 3825 πόρρω
3274 3751 3369 3806 τοῦ
3393 3752 3550 3806 πολέ⁸

1936 3860 2040 3914 μου
2075 3841 2413 3912 κατέστησεν
2458 3843 2673 3907 ἐαυτὸν,
2715 3843 2875 3898 τοῦτο
2927 3845 3028 3916 μέν
3084 3845 3218 3900 αὐτὸ
3253 3845 3314 3898 τὸ
3354 3845 3549 3917 πόρρω

1936 3931 2098 3998 εἶναι,
2134 3935 2229 3988 καὶ
2255 3935 2354 4006 τὴν
2388 3935 2589 4006 ἔχθραν
2612 3935 2838 4006 ποιῆσαι
2861 3937 3126 4009 φανερὰν,
3163 3932 3280 4008 εἶχέ
3308 3955 3362 3991 τι
3385 3936 3550 3991 πλέον

1937 4031 2016 4092 εἰς
2045 4027 2135 4081 τὸν
2163 4027 2260 4081 τοῦ
2289 4027 2514 4100 θαρρεῖν
2543 4029 2698 4098 λόγον
2727 4045 2740 4057 ·
2785 4029 2926 4101 μετά
2944 4031 3003 4084 δέ
3046 4032 3420 4103 τετρακοσίων
3453 4032 3551 4084 ἀν-

1935 4116 2078 4186 δρῶν
2112 4116 2249 4186 πρὸς
2299 4115 2570 4188 τοσαύτην
2614 4117 3062 4191 ἀναγκαζόμενος
3099 4119 3550 4191 παρατάττεσθαι

1941 4206 2222 4279 στρατιὰν,
2255 4206 2451 4280 ἔτρεμε
2491 4205 2653 4261 πλέον
2679 4207 2712 4278 ἢ
2741 4208 3026 4280 πρότερον.
3066 4209 3124 4264 Ὀ
3143 4210 3252 4282 γὰρ
3282 4211 3419 4282 μήτε
3454 4209 3554 4266 πόα

1938 4295 2053 4358 λιν,
2101 4298 2238 4367 μήτε
2279 4295 2560 4368 φρούριον,
2612 4298 2752 4369 μήτε
2784 4301 3130 4371 συμμάχους.
3193 4302 3334 4373 μήτε
3375 4315 3548 4370 προσ-

1938 4389 2094 4455 όδους
2117 4390 2459 4460 κεκτημένος
2482 4430 2497 4455 ,
2526 4391 2781 4462 ἐννόησον
2825 4392 2912 4456 τίς
2940 4388 3030 4464 ἦν,
3064 4392 3204 4462 πρὸς
3239 4394 3332 4446 τὸν
3374 4392 3550 4451 ταῦτα

1939 4485 2137 4556 ἔχοντα
2167 4483 2347 4538 πάντα
2375 4485 2823 4556 ἀναγκαζόμενος
2858 4485 2988 4538 πολε
2999 4488 3140 4557 μεῖν,
3165 4488 3260 4543 καὶ
3288 4486 3430 4559 πλὴν
3451 4486 3551 4558 τῆς

1935 4579 2154 4650 ἐρήμου
2185 4579 2283 4631 καὶ
2325 4577 2435 4630 τῶν
2467 4579 2594 4650 ἐκεῖ,
2614 4577 2918 4648 σπηλαίων,
2937 4578 3060 4632 ούδέ
3093 4579 3217 4634 ὅποι
3241 4582 3551 4652 καταφύγοι

1941 4670 2242 4741 δυνάμενος
2276 4672 2477 4743 εὑρεῖν.
2508 4671 2619 4725 Καὶ
2647 4671 2757 4741 γάρ
2786 4671 2957 4725 Κεῖλά
2985 4673 3141 4727 πόλιν
3174 4673 3318 4728 οὕτω
3349 4676 3552 4730 καλου·-

1946 4765 2116 4838 μένην
2152 4765 2364 4831 λαϐὼν,
2403 4764 2612 4829 εὐθέως
2653 4765 2824 4836 αὐτῆς
2858 4765 3182 4838 ἀπεπήδησε
3226 4767 3321 4820 τοῦ
3360 4767 3554 4840 ἱερέως

1944 4858 2223 4923 εἰπόντος,
2256 4859 2338 4913 ὅτι
2388 4858 2553 4910 αὑτὸν
2594 4859 2623 4910 ὁ
2655 4855 2790 4920 Θεὸς
2839 4858 2958 4910 ἐκεῖ
3016 4858 3249 4928 μένοντα
3300 4858 3411 4912 τῶν
3456 4858 3554 4914 τοῦ

1945 4953 2122 5008 Σαοὺλ
2154 4953 2254 5023 οὐχ
2300 4949 2678 5024 ὑπεξαρπάσει
2721 4949 2944 5021 χειρῶν.
2979 4949 3037 5004 '0
3078 4951 3135 5004 δὲ
3171 4952 3352 5024 ἱερεὺς
3398 4947 3557 5016 οὗτος

1947 5046 2155 5110 ἐκεῖνος
2181 5041 2249 5118 ἦν
2269 5048 2297 5099 ὁ
2321 5045 2421 5108 τὰς
2441 5044 2533 5097 τοῦ
2571 5044 2744 5098 Σαοὺλ
2775 5046 2965 5115 χεῖρας
2989 5042 3234 5117 διαδρὰς,
3261 5046 3356 5100 καὶ
3379 5045 3475 5118 τὴν
3499 5047 3559 5100 ἐν

1941 5138 2148 5210 Νομϐἀ
2185 5139 2488 5211 γενομένην
2517 5137 2830 5210 τραγῳδίαν
2877 5124 3241 5210 ἀπαγγείλας·
3269 5139 3349 5213 τῷ
3400 5140 3561 5212 βασι-

1949 5232 2034 5285 λεῖ
2055 5274 2069 5295 ,
2093 5234 2183 5286 ὅτε
2211 5231 2308 5287 καὶ
2337 5233 2437 5303 τὴν
2459 5235 2665 5305 πικράν
2687 5233 2904 5305 ἐκείνην
2924 5233 3123 5307 ἔρρηξε
3151 5234 3338 5306 φωνήν
3360 5251 3373 5264 ·
3410 5232 3560 5304 Ἐγὼ

1950 5325 2083 5395 γὰρ,
2099 5325 2288 5396 φησὶν,
2316 5327 2430 5395 είμὶ
2456 5328 2490 5380 ὁ
2507 5327 2696 5392 αἴτιος
2720 5325 2840 5380 τῶν
2854 5326 3072 5396 ψυχῶν
3090 5326 3240 5381 ὅλου
3263 5326 3368 5381 τοῦ
3388 5327 3562 5381 οῖκου

1952 5418 2060 5473 τοῦ
2085 5417 2312 5486 πατρός
2335 5434 2474 5472 σου.
2493 5418 2659 5472 Ὥστε
2689 5417 2864 5473 συνὼν
2893 5417 3045 5487 αὐτῷ
3080 5419 3373 5484 διαπαντὸς
3407 5419 3563 5475 οὐδὲν

1953 5511 2163 5584 ἕτερον,
2196 5511 2376 5583 ἀλλ’ἢ
2422 5511 2520 5581 τῆς
2565 5510 2805 5582 ἀθυμίας
2843 5511 3062 5584 ἐκείνης
3111 5512 3422 5585 ὑπόμνησις
3469 5507 3560 5583 ἦν.

1954 5605 2178 5657 Βλέπων
2212 5604 2322 5676 γάρ
2365 5606 2445 5668 είς
2478 5604 2660 5669 αὑτὸν,
2697 5604 2785 5658 ἀεὶ
2827 5603 2929 5675 τῆς
2976 5604 3253 5670 ἀπωλείας
3285 5605 3565 5678 ἐμέμνητο

1954 5697 2063 5751 τῶν
2086 5699 2274 5769 ἱερέων
2294 5715 2306 5728 ·
2335 5697 2691 5770 μνημονεύων
2706 5698 2760 5752 δέ
2777 5697 2876 5770 τῆς
2897 5696 3176 5760 ἀπωλείας
3190 5737 3204 5762 ,
3229 5697 3326 5751 καὶ
3357 5697 3458 5768 τῆς
3476 5713 3567 5751 το-

1956 5954 1990 6004 S
2023 5891 2214 6004 {Iliam
2246 5890 2542 5956 μονομαχίαν
2561 5887 2920 5955 ἀναδεξάμενος,
2961 5886 3146 5941 desum
3180 5889 3234 5940 in
3255 5885 3394 5941 Colb.
3415 5889 3468 5938 ιιι
3514 5882 3568 5935 in

1993 5969 2068 6004 an
2093 5990 2108 6004 .

1993 5969 2108 6007 ονιι.
