4264 6312
260 327 362 380 483

259 443 348 490 est
387 449 501 488 rex.
534 432 663 487 Cum
699 431 840 485 enim
868 428 1088 481 vidisset
1117 425 1361 494 angelum
1391 421 1687 476 districtum
1730 418 1846 488 gla-

258 525 407 578 dium
428 530 716 584 tenentem,
741 517 965 573 dicebat:
993 516 1124 569 Ecce
1140 531 1229 584 ego
1252 523 1422 582 pastor
1444 508 1660 580 peccavi,
1691 516 1734 560 et
1757 522 1848 576 ego

267 627 442 685 pastor
470 615 600 666 male
631 612 724 681 feci
750 627 766 663 :
788 611 870 662 isti
891 609 973 679 qui
1003 616 1118 660 sunt
1137 622 1259 676 grex
1279 645 1296 669 ,
1326 603 1446 673 quid
1475 600 1742 672 fecerunt?
1772 598 1850 651 Sit

259 707 410 760 inme
430 721 607 756 manus
624 712 727 764 tua,
747 710 790 752 et
809 701 858 752 iu
877 703 1076 752 domant
1098 697 1254 766 putris
1273 695 1366 747 mei
1385 689 1714 764 (‘2.Reg..24.
1741 689 1856 756 Π).

262 796 500 862 Denique
527 794 689 858 ipsius
707 805 892 844 omnes
913 803 1175 842 :erumnas
1204 786 1503 854 diligentius
1533 795 1850 836 enumerare

263 884 521 956 possibile
544 900 646 935 non
669 893 780 935 est:
808 895 977 948 neque
1002 879 1140 931 enim
1165 890 1352 928 onmes
1369 873 1682 941 conscriptae
1711 879 1852 933 sunt,

265 993 449 1030 verum
483 992 548 1029 ex
578 975 740 1043 ipsius
768 972 1010 1026 lamentis
1038 979 1090 1023 et
1116 968 1400 1035 gannitibus
1423 978 1702 1035 possumus
1726 976 1856 1014 cono

266 1069 434 1135 jicere
464 1066 822 1118 calamitatum
848 1076 1058 1131 quoque
1079 1060 1396 1111 amissarum
1419 1052 1853 1123 magnitudinem,

266 1169 429 1226 utque
447 1157 620 1222 justus
641 1155 725 1207 ille
746 1167 1030 1220 numquam
1063 1150 1311 1219 plangere
1331 1162 1393 1200 ac
1412 1147 1594 1200 dolere
1619 1143 1854 1197 desierit.

264 1248 401 1315 Quid
433 1248 574 1302 enim
623 1246 709 1299 ille
755 1244 865 1297 ait?
897 1242 1012 1294 Dies
1046 1255 1296 1294 annorum
1335 1245 1620 1290 nostrorum
1649 1234 1702 1287 in
1730 1234 1854 1302 ipsis

269 1341 582 1409 septuaginta
618 1338 738 1390 auni
761 1354 779 1391 :
807 1338 850 1389 si
895 1345 1061 1388 autem
1097 1335 1148 1386 in
1194 1329 1558 1401 potentatibus,
1608 1327 1860 1396 octoginta

269 1432 390 1484 anni
413 1471 427 1496 ,
474 1441 519 1483 et
558 1431 776 1500 amplius
805 1443 977 1481 eorum
1018 1425 1161 1479 labor
1202 1434 1246 1476 et
1277 1423 1422 1476 dolor
1451 1420 1570 1491 (Ps.
1604 1419 1692 1474 89.
1730 1418 1856 1488 10).

269 1523 360 1576 Sin
393 1537 518 1576 vero
566 1531 619 1574 tu
649 1520 850 1574 dixeris
884 1534 980 1587 per
1023 1517 1138 1570 hinc
1179 1515 1324 1568 illum
1366 1512 1527 1566 verba
1571 1526 1674 1564 non
1706 1524 1857 1563 suam

269 1614 465 1677 solum,
497 1611 587 1665 sed
617 1624 951 1664 communem
978 1609 1136 1660 vitam
1169 1605 1403 1657 omnium
1428 1599 1857 1672 reprehendisse,

269 1706 387 1774 plus
410 1703 604 1772 aliquid
627 1718 785 1772 quam
808 1716 905 1769 ego
927 1699 1083 1752 velim
1105 1695 1376 1774 concedis,
1398 1691 1741 1761 plurimisque
1764 1703 1861 1743 nos

269 1796 645 1849 controversiis
665 1791 1008 1859 liberasfipse
1025 1768 1363 1843 consentiens
1380 1801 1482 1838 non
1504 1785 1642 1836 illius
1662 1782 1858 1846 soluat,

269 1885 363 1940 sed
390 1903 457 1940 ne
486 1885 701 1938 altenius
724 1882 934 1953 quidem
961 1877 1456 1949 cujusquam'vitam
1487 1872 1709 1927 inveniri
1735 1884 1860 1941 pos.-

270 1995 362 2042 se,
398 1980 549 2045 cujus
571 1993 673 2029 non
708 1975 876 2029 multo
901 1974 1012 2026 sint
1045 1971 1193 2040 plura
1227 1968 1391 2022 tristia
1419 1981 1575 2036 quam
1599 1963 1854 2033 jucunda.

271 2067 545 2136 Siquidem
577 2067 683 2129 ille,
716 2075 770 2119 ut
799 2074 850 2118 tu
880 2078 1091 2132 quoque
1135 2060 1236 2114 rite
1265 2057 1569 2120 confiteris,
1603 2070 1706 2109 non
1740 2069 1864 2107 suas

278 2161 453 2214 solum
486 2160 815 2211 calamitates
837 2195 852 2218 ,
886 2153 977 2208 sed
1011 2153 1236 2205 aliorum
1267 2164 1477 2219 quoque
1503 2147 1556 2200 in
1582 2158 1865 2200 commune

271 2249 640 2312 considerans,
676 2249 744 2301 ita
773 2246 987 2301 demum
1015 2245 1151 2297 hanc
1179 2242 1503 2296 sententiam
1535 2237 1652 2292 tulit
1678 2234 1863 2290 eadem

272 2357 391 2410 qum
431 2338 726 2408 patriarcha
763 2338 1009 2406 loquutus
1035 2376 1047 2394 ,
1099 2333 1198 2388 nisi
1229 2331 1368 2402 quod
1400 2332 1500 2384 iste
1531 2327 1717 2396 majori
1745 2340 1865 2379 cum

273 2431 634 2486 vehementia.
663 2429 831 2495 Quam
856 2428 996 2481 enim
1021 2427 1106 2479 ille
1132 2424 1198 2479 de
1223 2433 1394 2494 parte,
1424 2420 1510 2475 hic
1534 2418 1601 2473 de
1623 2417 1869 2472 omnibus

275 2523 516 2593 protulit.
553 2521 739 2574 Aiebat
767 2520 872 2583 ille,
910 2516 1062 2570 Parvi
1091 2527 1136 2569 et
1163 2515 1285 2568 ntali
1306 2523 1418 2567 sunt
1446 2511 1552 2564 dies
1583 2510 1677 2562 mei
1701 2505 1865 2578 (Gen.

275 2614 364 2666 47.
398 2611 469 2680 9)
497 2629 508 2664 :
558 2612 643 2665 hic
673 2619 845 2664 autem
873 2650 887 2674 ,
921 2608 1043 2661 Dies
1086 2623 1332 2672 annorum
1357 2615 1641 2659 nostrorum
1668 2600 1721 2653 in
1747 2601 1870 2669 ipsis

277 2704 597 2773 septuaginta
631 2703 787 2755 anni:
817 2702 917 2755 hoc
945 2710 1048 2766 est,
1077 2699 1311 2754 omnium
1343 2695 1651 2760 hominum;
1680 2703 1725 2747 et
1756 2708 1868 2745 am-

275 2796 411 2866 plius
436 2813 604 2849 eorum
636 2796 776 2849 labor
801 2805 845 2849 et
887 2795 1052 2848 dolor.

351 2887 437 2940 ll}.
481 2885 671 2939 Verum
718 2885 858 2939 enim
889 2900 1014 2938 vero
1047 2884 1179 2948 haze,
1235 2891 1291 2936 ut
1319 2882 1449 2947 dixi,
1495 2879 1587 2934 tibi
1632 2877 1864 2946 diligen—

279 2979 383 3033 tius
414 2980 464 3031 in
496 2980 604 3032 otio
635 2978 983 3031 examinanda
1013 2976 1320 3043 relinquens
1348 2986 1447 3041 ego
1472 2970 1539 3026 ad
1580 2968 1871 3040 prophetas

281 3071 488 3124 veniam
537 3070 768 3137 reliquos
812 3085 824 3121 :
869 3067 1078 3120 tametsi
1122 3079 1380 3134 nusquam
1411 3061 1571 3115 vitam
1609 3073 1758 3113 suam
1795 3057 1871 3111 illi

281 3164 432 3217 nobis
479 3161 833 3229 conscriptam
877 3159 1248 3228 reliquerunt,
1289 3155 1358 3208 ob
1395 3154 1654 3208 malorum
1695 3159 1873 3204 tamen

279 3270 402 3324 qua:
454 3254 573 3307 illos
614 3259 995 3321 oppresserunt
1045 3246 1464 3316 magnitudinem
1516 3243 1598 3297 vel
1650 3257 1716 3296 ex
1767 3254 1873 3294 uno

282 3348 446 3401 verbo
486 3359 698 3399 onmem
745 3345 861 3397 illos
902 3341 1062 3394 vitam
1108 3340 1160 3392 in
1202 3337 1493 3401 laboribus,
1538 3331 1794 3388 aerumnis
1820 3340 1875 3384 et

280 3438 554 3493 doloribus
609 3437 782 3507 egisse
831 3449 952 3488 reor
1006 3430 1216 3486 ostendi
1263 3439 1438 3498 posse.
1500 3428 1576 3480 Ae
1620 3426 1871 3495 primum,

281 3531 425 3600 quod
476 3544 759 3584 commone
803 3526 906 3580 illis
945 3525 1192 3579 omnibus
1224 3521 1338 3587 fuit,
1375 3518 1524 3581 torti,
1560 3516 1875 3570 verberibus

284 3620 483 3684 all‘ecti,
512 3619 664 3683 secti,
706 3616 981 3692 lapidibus
1010 3612 1207 3678 obruti,
1239 3611 1541 3665 carceribus
1582 3605 1788 3668 inclusi,
1819 3605 1874 3658 in

284 3711 552 3766 occisione
580 3708 737 3780 gladii
770 3707 1078 3771 morientes,
1125 3704 1517 3758 circumeuntes
1565 3699 1617 3752 in
1665 3697 1874 3751 melotis

284 3815 340 3860 et
369 3801 592 3873 pellibus
629 3800 884 3868 caprinis,
928 3804 1146 3867 egentes
1187 3802 1241 3848 et
1275 3790 1442 3862 pressi
1478 3799 1531 3844 et
1574 3787 1754 3843 amicti
1783 3802 1879 3856 per

284 3911 497 3952 amnem
550 3894 710 3948 vitam
767 3891 1108 3962 perstiterunt
1144 3887 1298 3958 (Heb.
1344 3887 1426 3940 ll.
1457 3882 1571 3956 57).
1625 3882 1708 3936 Ad
1763 3881 1878 3934 haec

286 3991 444 4045 aliam
472 4001 682 4057 quoque
721 3984 967 4039 mceroris
1001 3981 1355 4052 adjectionem
1403 3978 1502 4031 hac
1544 3975 1875 4030 acerbiorem

290 4084 545 4149 habuere,
575 4079 712 4151 quod
757 4079 966 4133 illorum
1017 4075 1328 4145 nequitiam,
1358 4072 1446 4141 qui
1480 4086 1539 4124 se
1579 4070 1650 4122 ita
1678 4067 1880 4122 allicie—

290 4177 439 4241 bant,
470 4189 682 4242 semper
707 4171 774 4226 ad
797 4171 1061 4226 deteriora
1090 4165 1336 4237 progredi
1375 4165 1709 4218 intuerentur
1734 4179 1746 4213 :
1774 4175 1877 4230 qua

288 4282 350 4320 ex
398 4282 455 4318 re
485 4265 641 4333 longe
668 4263 788 4332 plus
827 4275 984 4330 quam
1030 4275 1099 4313 ex
1142 4256 1394 4311 :crumnis
1420 4253 1769 4323 angebantur.
1815 4251 1879 4304 Et

288 4357 424 4410 alius
452 4354 670 4425 quidem
702 4353 878 4406 aiebat
908 4370 920 4405 :
954 4349 1247 4404 Eatsecratio
1277 4358 1322 4400 et
1358 4345 1676 4400 mendacium
1699 4354 1744 4397 et
1771 4347 1879 4414 fur-

289 4458 399 4502 tum
422 4457 480 4501 et-
493 4447 798 4500 adulterium
824 4453 868 4498 et
900 4441 1225 4496 homicidium
1248 4438 1410 4505 e/fusa
1434 4448 1549 4492 sunt
1576 4436 1628 4489 in
1652 4445 1803 4498 terra,
1835 4443 1881 4488 et

290 4539 582 4609 sanguinem
620 4552 772 4605 super
818 4535 1115 4604 sanguinem
1157 4532 1434 4584 admiscent
1467 4527 1621 4598 (Osee
1681 4528 1735 4581 4.
1783 4526 1877 4595 2);

292 4650 404 4702 per
425 4633 538 4686 bare
562 4632 719 4686 verba
749 4630 963 4684 malitiae
993 4628 1260 4683 licent-iam
1293 4625 1802 4695 perplexitatemque
1828 4627 1881 4673 et

290 4725 496 4794 copiam
535 4723 686 4778 nobis
717 4722 1010 4776 insinuans.
1045 4720 1197 4773 Alius
1227 4733 1410 4772 rursus
1438 4715 1703 4770 clamabat
1732 4732 1745 4768 :
1789 4711 1881 4766 Va:

291 4818 448 4879 mihi,
501 4818 617 4885 quia
657 4818 823 4886 factus
866 4831 976 4868 sum
1014 4814 1152 4866 sicut
1186 4812 1272 4881 qui
1311 4811 1502 4880 colligit
1543 4810 1784 4878 stipulam
1828 4810 1881 4862 in

293 4925 468 4973 messe,
508 4922 554 4961 et
583 4908 710 4960 sicut
749 4921 1002 4958 racemum
1029 4906 1080 4957 in
1119 4902 1391 4967 vindemia,
1436 4918 1550 4954 cum
1588 4917 1687 4954 non
1716 4900 1884 4952 adsint

293 5001 421 5054 botri
445 4999 630 5070 (Mich.
662 5001 712 5052 7.
747 4998 835 5067 l)‘;
867 5013 960 5066 per
984 4996 1098 5050 bzec
1125 4997 1395 5050 raritatem
1426 4995 1685 5048 bonorum
1712 4993 1885 5046 homi-

295 5108 418 5147 num
451 5092 756 5160 deplorans.
776 5090 904 5144 Item
927 5090 1063 5142 alius
1082 5089 1182 5142 alia
1211 5087 1400 5142 similia
1428 5087 1685 5157 queritur.
1713 5086 1882 5140 Porro

291 5185 565 5255 caprarius
594 5184 682 5238 ille
726 5198 830 5236 non
859 5197 1042 5236 eorum
1071 5181 1193 5233 vitia
1223 5178 1438 5248 lugebat
1477 5178 1671 5240 solum,
1695 5191 1881 5231 verum

295 5277 414 5344 plus
441 5275 493 5329 in
525 5275 734 5328 illorum
770 5272 1181 5335 calamitatibus,
1214 5284 1369 5340 quam
1402 5269 1455 5322 in
1490 5269 1600 5322 suis
1632 5269 1883 5321 tentatio-

295 5367 450 5420 nitus
479 5365 759 5428 maerebat,
801 5377 864 5418 ac
892 5364 1052 5416 Deum
1080 5361 1416 5424 obsecrabat,
1445 5360 1664 5414 dicens:
1697 5358 1884 5427 Propi-

297 5458 394 5510 tius
438 5467 560 5521 esto,
594 5455 980 5530 Dontittc;.quis
1006 5451 1262 5506 suscitabit
1288 5449 1471 5516 Iacob,
1499 5451 1619 5521 quia
1646 5449 1885 5518 parvulth

299 5550 406 5603 est?
424 5547 674 5601 Pwniteat
703 5557 767 5609 te,
799 5545 1026 5610 Domine,
1052 5562 1201 5616 super
1224 5545 1313 5598 hoc
1334 5544 1529 5614 (Amos.
1559 5545 1611 5598 7.
1634 5543 1689 5597 Ξ.
1713 5541 1886 5613 ϐ).Ἐι

302 5659 370 5698 ne
414 5643 489 5696 sic
519 5641 732 5712 quidem
777 5654 991 5709 precum
1030 5654 1244 5692 suarum
1290 5637 1480 5693 cllectu
1529 5636 1726 5707 potitus
1767 5643 1881 5698 est;

306 5733 436 5790 dixit
471 5730 633 5799 enim,
662 5730 842 5784 Et'non
866 5729 1115 5798 βιαιως-ἐι
1142 5726 1394 5782 Dominus
1414 5728 1731 5800 (Ib,).lsaias
1757 5742 1882 5782 vero

1112 311 1201 365 AD
1237 306 1603 366 STAGIRIUM
1643 307 1683 361 Α
1728 300 2026 359 υβδιοΝε
2070 301 2419 357 VEXATUM.
2466 302 2594 356 LIB.
2635 300 2719 355 ΙΙΙ.

3437 298 3543 354 ⁴86

1962 430 2079 468 cum
2111 414 2343 468 audisset
2372 415 2491 484 quia
2521 413 2730 468 deserta
2761 413 2862 467 erit
2886 427 3075 466 'omnts
3115 421 3274 477 terra,
3307 426 3375 465 ne
3408 428 3536 465 eoa-
3581 423 3584 426 ί

1961 504 2122 558 solari
2163 504 2373 573 quidem
2417 504 2601 568 voluit,
2659 502 2751 556 sed
2790 501 3002 556 assidue
3036 501 3269 570 lugebat,
3317 501 3499 554 dicens
3529 516 3546 550 ι

1962 594 2210 648 Dimittite
2248 612 2345 661 me,
2376 611 2547 648 amare
2583 592 2752 664 ﬂebo;
2788 593 2941 646 nolite
2980 593 3297 654 contendere,
3331 602 3386 643 ut
3415 606 3548 642 cou-

1965 689 2293 741 solenn’nime
2315 685 2465 758 (lsai.
2487 686 2575 740 22.
2608 684 2687 759 4).
2719 683 2968 740 Jeremite
3002 694 3176 740 autem
3205 682 3547 736 lamentatio-

1963 792 2057 830 nes
2085 787 2140 831 et
2180 792 2422 830 seorsum
2459 775 2810 845 conscriptas,
2840 783 2894 830 et
2936 789 3030 844 per
3069 789 3281 828 omnem
3313 771 3546 842 prophe-

1963 868 2398 936 tiamdisperSas,
2419 884 2482 922 ac
2504 868 2695 938 partim
2717 867 2783 922 de
2807 868 3037 931 civitate,
3063 867 3255 936 partim
3283 865 3349 920 de
3371 865 3547 933 seipse

1963 959 2304 1026 compositas,
2345 960 2466 1028 quis
2509 957 2676 1027 possit
2721 958 2835 1011 sine
2866 957 3111 1027 lacrymis
3155 956 3371 1026 legere?
3415 954 3547 1009 Nam

1964 1065 2103 1103 nunc
2132 1050 2344 1119 quidem
2373 1050 2547 1103 aiebat
2577 1067 2590 1103 :
2623 1049 2749 1113 Quis
2775 1049 2911 1102 dabit
2941 1048 3093 1118 capiti
3125 1064 3232 1100 meo
3269 1064 3473 1115 aquam,
3503 1058 3550 1100 et

1964 1139 2122 1192 oculis
2167 1141 2288 1194 meis
2318 1141 2505 1209 fontem
2536 1141 2899 1210 lacryntarum,
2949 1150 2995 1192 et
3035 1139 3274 1208 plangam
3306 1136 3552 1206 populum

1963 1233 2116 1286 istum
2135 1233 2218 1285 die
2242 1250 2302 1286 ac
2330 1243 2474 1286 nocte
2504 1233 2635 1303 (Jer.
2667 1233 2720 1287 9.
2753 1233 2804 1303 1)
2831 1232 2854 1285 ?
2885 1247 3024 1285 nunc
3053 1242 3229 1285 autem
3257 1249 3268 1284 :
3298 1230 3423 1296 Quis
3453 1225 3552 1280 da;

1966 1324 2036 1377 bit
2076 1325 2198 1377 milii
2231 1325 2286 1378 in
2326 1325 2518 1378 deserto
2558 1326 2870 1378 mansionem
2914 1314 3209 1386 extremam,
3254 1333 3300 1376 et
3339 1321 3555 1373 derelin-

1965 1430 2114 1483 quam
2148 1415 2393 1484 populum
2421 1415 2595 1480 istum,
2625 1424 2669 1467 et
2697 1413 2927 1467 recedam
2967 1413 3026 1465 ab
3057 1413 3170 1465 eis?
3197 1410 3384 1464 Omnes
3422 1411 3554 1463 enim

1967 1504 2184 1557 adulteri
2208 1514 2326 1557 sunt
2355 1503 2518 1574 (Ibid.
2553 1520 2601 1558 υ.
2624 1503 2702 1574 2).
2729 1504 3136 1572 Nonnumquam
3167 1518 3290 1556 vero
3321 1517 3556 1556 maerens

1967 1595 2229 1649 clamabat
2258 1612 2272 1648 :
2317 1595 2402 1648 γω
2433 1596 2574 1661 tui/ti,
2602 1606 2781 1660 mater,
2805 1604 2858 1647 ut
2877 1595 3000 1662 quid
3027 1609 3104 1645 me
3127 1593 3344 1663 genuisti
3371 1592 3554 1654 virum,

1967 1685 2054 1754 qui
2091 1685 2364 1750 discernat,
2425 1695 2471 1737 et
2503 1684 2745 1754 dijudicet
2787 1684 2922 1738 omni
2955 1692 3099 1736 terra:
3127 1681 3237 1750 (ld.
3283 1682 3369 1735 15.
3421 1680 3558 1749 10)ἳ

1969 1777 2270 1846 Aliquando
2311 1776 2414 1830 diei
2463 1775 3110 1845 quoquenativitatissua}
3153 1773 3444 1836 maledixit,
3478 1773 3560 1826 di-

1969 1883 2097 1922 cens
2122 1885 2136 1921 :
2168 1867 2444 1921 Maledicta
2471 1868 2577 1922 dies
2598 1910 2612 1934 ,
2642 1869 2693 1920 in
2721 1883 2821 1937 qua
2846 1877 2991 1920 natus
3020 1883 3132 1920 sum
3160 1867 3213 1918 in
3244 1883 3300 1919 ea
3329 1864 3438 1938 (Id.
3462 1865 3556 1918 20.

1973 1959 2085 2026 14).
2133 1958 2236 2012 Sed
2268 1967 2321 2012 et
2347 1959 2484 2014 eceni
2514 1958 2680 2023 lacus,
2723 1967 2775 2012 et
2819 1957 3148 2011 vinculorum
3181 1971 3466 2026 pressurae,
3510 1965 3563 2010 et

1970 2049 2214 2115 verbera,
2258 2059 2310 2104 et
2344 2049 2568 2114 insidize,
2604 2049 2982 2116 irrisionesque
3012 2056 3283 2118 perpetuae
3314 2048 3383 2101 ita
3417 2048 3563 2101 illum

1974 2132 2372 2206 excruciabant,
2421 2151 2476 2195 ut
2503 2142 2610 2211 jam
2638 2155 2778 2211 pene
2823 2141 3152 2209 άεεροιπςιτοι.
3196 2139 3330 2206 Quid
3361 2151 3561 2200 autem,

1974 2233 2184 2303 quando
2210 2242 2361 2302 capta
2392 2234 2521 2288 urbe
2549 2232 2883 2302 providentia
2925 2242 2979 2285 et
3010 2231 3210 2284 honore
3255 2246 3284 2284 a
3326 2230 3566 2283 barbaris

1973 2324 2220 2393 dignatus
2273 2325 2393 2377 est?
2435 2340 2561 2378 num
2607 2324 2705 2377 ista
2757 2321 3056 2376 sentiebat?
3107 2321 3217 2374 lmo
3271 2337 3396 2374 vero
3442 2329 3568 2373 tunc

1976 2416 2205 2468 maxime
2244 2430 2424 2468 amara
2470 2415 2558 2468 illa
2589 2414 2818 2468 lamenta
2855 2413 3192 2481 conscripsit,
3241 2422 3480 2464 mortuos
3515 2421 3569 2464 et

1975 2505 2231 2560 abeuntes
2258 2506 2463 2575 lugens.
2498 2505 2679 2575 Neque
2710 2507 2913 2558 minora
2943 2505 3017 2557 illi
3048 2505 3158 2557 visa
3183 2513 3306 2557 sunt
3335 2519 3566 2572 sequen—

1978 2598 2047 2651 tia
2082 2598 2218 2651 mala
2247 2599 2547 2667 prastcritis,
2590 2613 2709 2651 eum
2745 2598 2776 2651 ii
2824 2600 2911 2666 qui
2952 2613 3018 2650 ex
3062 2597 3202 2651 bello
3234 2595 3424 2664 reliqui
3454 2595 3570 2648 lue-

1982 2698 2102 2742 rant
2146 2705 2329 2743 rursus
2370 2705 2468 2760 per
2501 2704 2594 2743 sua
2636 2689 2837 2743 scelera
2889 2689 3052 2741 Deum
3103 2688 3393 2741 irritarent.
3437 2683 3569 2738 Cum

1980 2783 2120 2837 enim
2149 2783 2367 2851 polliciti
2395 2791 2576 2839 essent
2603 2797 2660 2835 se
2683 2781 2757 2834 illi
2787 2797 2882 2850 per
2907 2782 3083 2835 omnia
3107 2780 3569 2848 obtemperaturos

1981 2870 2220 2941 nihilque
2261 2871 2634 2935 reluctaturos,
2678 2871 2728 2924 in
2778 2870 3067 2940 Egyptian
3115 2884 3302 2923 rursus
3343 2868 3572 2922 descen-

1979 2959 2190 3023 derunt,
2225 2961 2444 3014 oraculo
2464 2961 2730 3016 contraria
2759 2961 3119 3029 praecipieute,
3151 2959 3573 3029 prophetamque

1979 3064 2160 3105 secum
2187 3050 2539 3117 deduxerunt,
2574 3066 2636 3105 ac
2661 3065 2754 3120 per
2783 3066 2933 3108 suam
2962 3051 3392 3120 ingratitudinem
3422 3051 3571 3104 illum

1981 3142 2079 3197 sibi
2108 3143 2264 3212 longe
2302 3142 2545 3212 graviora
2587 3142 2854 3212 prioribus
2881 3142 3059 3196 dicere
3087 3151 3247 3212 atque
3286 3141 3572 3212 imprecari

1980 3245 2290 3306 coegerunt.
2323 3235 2462 3302 Quid
2501 3252 2629 3289 vero
2658 3235 2947 3290 Ezechiel?
2981 3234 3106 3304 quid
3139 3234 3356 3288 Daniel?
3394 3249 3573 3288 nonne

1982 3331 2036 3384 in
2067 3328 2377 3397 captivitate
2423 3336 2631 3397 tempus
2661 3342 2822 3381 omne
2861 3327 3151 3382 vixerunt?
3177 3329 3412 3393 Quorum
3452 3329 3576 3396 qui-

1987 3421 2109 3476 dem
2149 3423 2295 3492 prior
2318 3420 2457 3475 fame
2484 3436 2546 3476 ac
2572 3421 2657 3476 siti
2688 3436 2784 3489 pro
2812 3420 3000 3474 alienis
3039 3420 3375 3474 cruciabatur
3398 3419 3576 3486 malis,

1986 3529 2255 3581 uxoreque
2278 3513 2523 3567 defuncta
2554 3528 2676 3566 cum
2719 3525 2900 3564 casum
2946 3510 3147 3580 absque
3177 3510 3428 3581 lacrymis
3453 3523 3577 3579 per-

1985 3603 2124 3658 ferre
2147 3603 2456 3673 jubebatur.
2486 3603 2655 3658 Porro
2678 3601 2804 3672 quid
2831 3603 3044 3671 gravius
3073 3601 3176 3655 diei
3201 3600 3387 3671 possit,
3416 3614 3575 3668 quam

1987 3697 2038 3749 in
2081 3698 2192 3748 suis
2230 3695 2474 3751 adversis
2513 3695 2726 3749 casibus
2773 3708 2839 3748 ne
2879 3692 3008 3747 ﬂere
3055 3692 3269 3761 quidem
3311 3690 3582 3760 permitti?

1988 3788 2188 3843 Omitto
2218 3797 2393 3842 autem
2421 3786 2580 3841 modo
2608 3785 2748 3856 quod
2783 3785 2835 3839 in
2876 3783 3003 3838 ﬁmo
3031 3798 3218 3853 panem
3241 3797 3398 3836 suum
3429 3796 3578 3835 com-

1987 3881 2148 3935 edere
2190 3887 2406 3934 coactus
2443 3880 2534 3943 sit,
2577 3888 2632 3932 et
2677 3877 2818 3947 quod
2875 3891 3037 3946 super
3067 3891 3229 3929 unum
3277 3875 3416 3929 latus
3452 3889 3579 3929 cen-

1990 3981 2098 4024 tum
2145 3979 2202 4024 et
2243 3970 2532 4041 nonaginta
2564 3968 2754 4023 diebus
2789 3965 2992 4037 iacere,
3039 3967 3248 4036 aliaque
3277 3964 3580 4034 hujusmodi

1987 4063 2215 4118 tolerare
2239 4062 2504 4132 sitjussus
2532 4059 2743 4132 (Ezeclt.
2775 4059 2828 4114 4.
2862 4057 2974 4129 12).
3008 4057 3120 4112 Etsi
3150 4057 3290 4111 enim
3319 4055 3393 4109 illi
3423 4070 3490 4110 ex
3518 4055 3582 4109 iis

1987 4169 2104 4224 qua:
2131 4153 2212 4208 vel
2256 4153 2568 4219 omisimus,
2613 4151 2698 4207 vel
2740 4150 3010 4214 diximus,
3055 4148 3184 4202 nihil
3226 4147 3377 4202 triste
3411 4147 3584 4202 conti-

1987 4246 2173 4315 gisset,
2217 4254 2366 4299 certe
2393 4243 2445 4298 id
2476 4243 2647 4296 solum
2677 4240 2816 4312 quod
2843 4241 2983 4294 inter
3011 4239 3194 4295 hostes
3236 4253 3298 4292 ac
3326 4236 3584 4291 barbaros

1989 4339 2334 4407 impurosque
2380 4335 2626 4389 homines
2675 4333 2756 4387 vir
2804 4333 2984 4402 justus
3028 4339 3083 4385 et
3129 4338 3344 4384 sanctus
3387 4327 3586 4398 jugitor

1989 4436 2228 4482 versatus
2253 4427 2341 4490 sit,
2369 4426 2512 4480 omni
2544 4433 2656 4478 erat
2687 4423 2761 4477 illi
2788 4421 3049 4491 supplicio
3075 4420 3342 4476 acerbius.

2062 4519 2293 4578 Danielis
2323 4531 2580 4572 azrumuw.
2611 4545 2680 4554 —
2706 4516 2773 4568 At
2813 4529 2941 4567 vero
2985 4512 3170 4567 Daniel
3215 4509 3438 4566 summis
3467 4509 3586 4576 qui-

1990 4611 2112 4667 dem
2144 4609 2438 4666 honoribus
2469 4607 2668 4672 {rui,et
2703 4605 2853 4676 quasi
2893 4619 3000 4662 non
3046 4603 3097 4656 in
3130 4601 3460 4671 captivitate,
3490 4599 3584 4654 sed

1991 4704 2046 4758 in
2084 4702 2228 4772 regia
2265 4701 2463 4771 jugiter
2489 4707 2794 4754 versaretur
2832 4696 2973 4760 aula,
3017 4708 3136 4748 esse
3169 4691 3579 4763 potentissimus

1993 4796 2276 4851 videbatur
2303 4812 2314 4846 :
2345 4800 2599 4848 castorum
2640 4791 2685 4845 si
2720 4789 2838 4859 quis
2881 4788 3025 4842 illius
3056 4787 3351 4841 orationem
3379 4783 3580 4850 audiat,

1987 4890 2359 4960 jejuniumque
2384 4884 2708 4948 consideret,
2757 4880 3017 4950 facieique
3049 4878 3494 4940 immutationem,
3525 4890 3587 4928 ac

1987 4984 2141 5052 juges
2191 4981 2555 5049 precationes,
2615 4980 2973 5046 agnoscattu
3019 4970 3301 5040 diligenter
3358 4985 3582 5038 quorum

1992 5076 2182 5145 gratia.
2224 5075 2325 5128 ista
2384 5071 2651 5136 faciebat,
2711 5065 3100 5122 animadvertet
3150 5062 3290 5116 hunc
3349 5061 3586 5115 omnium

1996 5165 2227 5220 maxime
2279 5164 2332 5218 in
2374 5161 2650 5217 doloribus
2694 5155 3088 5228 angoribusque
3133 5152 3347 5206 vixisse.
3402 5149 3585 5218 Neque

1994 5258 2135 5312 enim
2188 5256 2333 5310 illum
2387 5252 2668 5324 praesentia
2725 5257 2930 5304 tantum
2976 5245 3115 5300 mala
3165 5241 3586 5299 excruciabant.

1997 5363 2183 5404 verum
2214 5356 2268 5402 et
2311 5346 2485 5400 futura
2516 5340 2899 5413 perturbabant
2924 5355 2936 5389 :
2965 5352 3084 5407 qua:
3112 5335 3270 5413 etiam
3301 5348 3423 5387 cum
3458 5347 3586 5384 ncc-

1995 5439 2121 5492 dum
2162 5437 2542 5506 contigissent,
2585 5443 2920 5501 praenoscere
2963 5427 3155 5497 dignus
3203 5432 3288 5478 est
3349 5423 3584 5483 habitus,

1997 5539 2158 5599 atque
2200 5527 2524 5598 prepheticis
2571 5523 2748 5577 oculis
2776 5519 3032 5589 asliicere.
3080 5515 3322 5586 Cumque
3361 5512 3587 5582 necdum

1998 5620 2162 5691 priori
2188 5619 2443 5673 servitute
2472 5617 2724 5671 liberatos
2747 5611 2963 5668 Judsms
2999 5618 3264 5670 cerneret,
3299 5606 3452 5658 altam
3473 5603 3581 5654 illis

2000 5727 2184 5768 rursus
2207 5711 2567 5782 captivitatem
2596 5706 2886 5777 prmvidere
2913 5701 3197 5774 cogebatur
3224 5718 3237 5753 -.
3265 5704 3310 5748 et
3346 5708 3460 5765 quae
3484 5701 3590 5743 non
