4264 6312
711 261 808 313 4³⁵1⁷

708 371 831 420 dum
860 368 1116 422 urdilicata
1143 368 1336 433 fuerat,
1367 386 1483 423 eam
1523 372 1704 425 urbem
1735 372 1850 438 capi
1881 372 2152 435 cernebat,
2189 387 2273 424 sa-

707 458 1026 526 criﬁciisque
1073 460 1487 513 contaminatum
1545 459 1794 527 templum
1841 476 1904 516 ac
1946 459 2276 526 deSiilatuni,

708 565 1026 618 omnemque
1067 565 1307 605 eversam
1359 552 1830 607 sanetilicationem
1860 571 1873 607 :
1902 554 2100 608 idcirco
2138 555 2276 622 luge-

709 642 799 692 bat
826 653 877 693 et
903 641 1312 713 lacrymabatur,
1347 643 1530 698 dicuns
1554 662 1568 698 :
1600 645 1760 699 Nabis
1783 647 2013 715 confusio
2036 648 2202 715 fizeiei,
2232 659 2278 699 et

709 731 1019 798 principibus
1049 734 1254 797 nostris,
1297 745 1341 785 et
1376 736 1602 802 patribus
1642 738 1844 792 nostris.
1891 739 2008 804 quia
2053 740 2275 805 peccari-

709 837 820 872 nius
853 823 959 884 tibi,
991 820 1204 876 Dam'ne
1229 822 1385 892 (Dan.
1417 829 1468 878 υ.
1497 827 1546 878 8.
1581 825 1780 879 Barurh
1839 829 1882 881 1.
1918 831 1997 882 15.
2038 830 2146 893 lii).

783 912 867 962 11.
892 910 1069 963 Helias
1095 923 1138 963 et
1170 915 1274 981 ipse
1295 915 1521 982 a/ﬂirttis.
1562 917 1769 969 titisa'us
1793 919 2051 986 propheta.
2085 917 2280 973 I’uulus

708 1002 965 1068 apostolus
1016 1003 1142 1053 inter
1181 1019 1263 1056 eos
1305 1007 1388 1072 qui
1441 1007 1607 1073 aﬂiicti
1650 1018 1783 1058 sunt.
1830 1036 1900 1046 ——
1949 1007 2144 1060 Verum
2192 1023 2282 1060 ne-

710 1092 825 1144 scio
851 1107 957 1160 quo
985 1102 1135 1160 pacto
1164 1109 1248 1148 nie
1272 1109 1403 1162 pene
1426 1095 1562 1149 inter
1591 1098 1872 1168 prophetas
1899 1098 2152 1166 etl‘ugi-rat
2181 1113 2284 1151 eie-

716 1183 858 1235 testis
882 1183 968 1236 ille
998 1186 1226 1249 animus,
1263 1187 1349 1256 qui
1381 1188 1458 1241 sic
1495 1189 1544 1240 in
1589 1199 1724 1242 tei'ta
1761 1191 2084 1250 versabatur.
2129 1202 2184 1244 ut
2229 1193 2282 1245 in

709 1275 840 1326 eicio
869 1289 1080 1342 semper
1109 1288 1245 1330 esset
1277 1295 1288 1330 :
1317 1278 1443 1332 nihil
1482 1283 1620 1334 cnim
1673 1281 1742 1333 illi
1785 1291 2049 1335 terrenum
2094 1293 2284 1351 printer

710 1367 945 1419 meloteir
964 1380 1094 1421 erat.
1127 1370 1260 1436 Quid
1293 1371 1450 1440 igitur
1479 1387 1716 1425 summus
1748 1373 1843 1427 iste
1871 1383 2027 1441 atque
2057 1375 2285 1428 admira-

710 1456 828 1508 bilis
852 1459 949 1521 vir,
983 1459 1025 1511 si
1055 1461 1220 1512 vii-um
1251 1462 1395 1514 illum
1424 1479 1610 1516 vocare
1652 1473 1858 1532 oportet
1897 1467 1971 1534 (5.
2007 1464 2131 1535 Reg.
2159 1467 2285 1534 l9)?

709 1549 840 1603 Nam
887 1562 1002 1616 post
1048 1554 1312 1620 ingentem
1369 1556 1510 1608 illam
1559 1557 1822 1616 ﬁduciam,
1876 1573 1978 1626 qua
2027 1559 2284 1612 adversus

711 1642 892 1694 ,λειω
925 1658 1049 1694 usus
1081 1643 1272 1708 fuerat,
1301 1659 1413 1712 p05!
1446 1648 1577 1714 ignis
1609 1647 1748 1700 illam
1777 1665 1803 1699 e
1833 1651 1962 1701 αιιιυ
2002 1649 2284 1703 demissio-

712 1747 853 1793 nem,
887 1743 999 1800 post
1035 1752 1215 1788 necem
1248 1737 1601 1799 sacerdotum,
1643 1750 1982 1808 posteaquam
2025 1741 2286 1797 clauserat

711 1833 763 1872 ιιι
789 1835 1064 1891 api-ruerat
1087 1827 1295 1890 calum,
1323 1843 1427 1896 quo
1457 1841 1691 1898 tempore
1721 1839 2000 1900 utrumque
2030 1833 2284 1896 voluerat,

715 1925 829 1978 post
864 1923 1002 1966 tanta
1031 1932 1090 1968 ac
1120 1917 1240 1970 talia
1288 1929 1430 1972 recte
1472 1919 1604 1972 facta
1647 1930 1699 1973 ct
1752 1922 1898 1990 signa
1947 1922 2171 1987 lidiicize,
2220 1925 2286 1975 ita

714 2017 855 2056 metu
905 2012 1254 2077 ina-reiisque
1293 2012 1650 2080 magnitudine
1679 2012 2031 2078 iletinebatur,
2075 2023 2130 2067 ut
2178 2014 2290 2068 lucc

714 2099 867 2150 \eiba
899 2101 1245 2167 loqueretur:
1299 2101 1440 2156 Tolle
1483 2105 1704 2156 animum
1753 2121 1912 2157 meam
1957 2123 1989 2158 a
2032 2123 2110 2158 nie
2138 2121 2157 2158 :
2189 2123 2288 2158 non

712 2191 841 2240 enim
871 2207 979 2241 sum
1009 2193 1183 2244 metior
1213 2210 1300 2262 ego
1331 2211 1479 2262 quam
1510 2207 1672 2262 putres
1703 2197 1797 2249 mei
1843 2195 1946 2264 (Ib.
1993 2218 2041 2253 ι·.
2073 2197 2151 2265 4).
2185 2197 2285 2250 lsla

714 2279 822 2341 izle,
847 2281 933 2347 qui
964 2281 1224 2351 hodieque
1251 2285 1475 2336 necdum
1507 2297 1744 2338 mortuus
1783 2296 1882 2341 est.
1923 2287 2105 2356 Neque
2153 2289 2288 2341 istud

715 2371 908 2433 solum,
942 2371 1034 2424 sed
1083 2374 1132 2426 in
1172 2374 1315 2428 dC>Cl
1334 2386 1441 2430 tum
1473 2379 1738 2444 prolectus
1762 2378 2146 2442 obdormiebat,
2181 2397 2290 2448 pra:

714 2461 913 2514 doloris
951 2478 1011 2515 ac
1038 2467 1280 2518 iiiazroris
1307 2484 1466 2519 onere
1496 2469 1665 2521 lassus
1705 2484 1769 2522 ac
1814 2470 2076 2538 fatigatus.
2126 2473 2290 2527 Peiro

717 2550 870 2617 hujus
899 2551 1189 2620 discipulus
1212 2571 1317 2608 non
1360 2557 1528 2610 Stlltlttt
1559 2559 1799 2626 spiritum
1837 2561 2074 2629 magistri
2119 2564 2291 2631 dupli-

715 2656 828 2691 cem
854 2646 1076 2709 accepit,
1101 2645 1192 2698 sed
1216 2656 1268 2699 et
1308 2662 1580 2715 pressuras
1603 2650 1754 2718 longe
1777 2652 1934 2705 etiam
1961 2654 2190 2723 majores
2213 2657 2287 2726 (1.

719 2730 843 2800 lieg.
872 2732 948 2798 εὶ).
981 2734 1085 2796 llos
1111 2736 1337 2804 denique
1367 2739 1520 2804 paulo
1549 2749 1670 2793 ante
1698 2741 1881 2794 beatus
1906 2743 2096 2797 Paulus
2111 2757 2290 2800 osten-

716 2826 867 2885 deus,
899 2826 1214 2896 illnrunique
1241 2844 1504 2882 aerumnas
1531 2846 1870 2895 enumerans,
1903 2835 2074 2888 aiebat
2105 2855 2116 2888 :
2159 2838 2288 2902 ρυε-

715 2913 806 2965 bus
833 2916 1013 2984 dignus
1041 2936 1139 2971 non
1169 2929 1274 2971 erat
1316 2922 1536 2976 mundus
1583 2922 1739 2994 ("8b.
1794 2926 1880 2980 11.
1929 2927 2042 2995 38).
2100 2930 2294 2997 νει-ομ-

719 3016 943 3067 portnne
967 3024 1103 3083 nunc
1123 3009 1267 3062 Pauli
1289 3012 1511 3083 fecimus
1540 3015 1859 3071 mentionem
1889 3035 1899 3067 :
1923 3019 2010 3085 qui
2040 3021 2182 3073 enim
2203 3037 2293 3087 per

719 3114 776 3147 se
803 3099 944 3150 solus
969 3099 1240 3168 lllSpeClllS
1277 3103 1341 3156 ad
1366 3105 1749 3160 c0n5tilatidum
1795 3108 2040 3164 sufﬁcere
2094 3126 2289 3178 possm,

719 3187 802 3239 hie
830 3190 1096 3254 postalios
1127 3192 1366 3255 veniens,
1401 3194 1550 3261 cujus
1579 3213 1681 3250 non
1707 3197 1945 3252 dolorem
1992 3215 2054 3254 ac
2101 3219 2294 3254 inieru-

722 3292 830 3328 rem
859 3293 1176 3333 evanescere
1218 3282 1407 3336 iaciat?
1451 3283 1582 3352 Ejus
1627 3301 1820 3355 nempe
1863 3288 2074 3351 famem,
2127 3293 2290 3355 sitim,

721 3366 1028 3430 nuditawm,
1075 3369 1365 3440 naufragia,
1405 3371 1706 3444 desertique
1733 3376 2107 3445 habitationes,
2140 3384 2294 3435 timo-

720 3469 804 3507 res
831 3470 891 3506 :ic
919 3457 1172 3523 pericula,
1212 3461 1448 3520 insidias.
1477 3477 1738 3527 carceres,
1773 3468 2017 3527 verbera,
2065 3469 2289 3538 vigilias,

720 3547 1022 3601 innumeras
1067 3561 1286 3616 mortes,
1319 3561 1372 3606 et
1404 3554 1500 3606 alia
1545 3571 1661 3624 qum
1706 3557 2095 3626 praedicationis
2135 3575 2293 3614 causa

721 3653 1004 3704 ιϊιΊιοδδιιδ
1028 3650 1129 3704 est,
1183 3657 1248 3694 ne
1306 3645 1581 3697 referenda
1629 3648 1839 3713 quidem
1889 3649 2135 3704 arbitror.
2193 3651 2291 3706 ista

720 3728 858 3778 i-uim
885 3730 983 3781 etsi
1014 3745 1290 3796 pressuras
1336 3734 1407 3786 illi
1438 3736 1784 3801 exhibebant,
1815 3755 1916 3792 non
1945 3751 2294 3797 tamen-erant

717 3818 914 3886 absque
940 3820 1204 3889 voluptate
1224 3824 1472 3892 quadam.
1493 3829 1558 3880 At
1587 3844 1713 3882 vero
1735 3832 1943 3899 quando
1972 3833 2116 3887 illum
2143 3836 2294 3886 Asia-

720 3911 804 3962 iici
844 3924 1030 3964 omnes
1083 3918 1313 3968 aversati
1361 3927 1502 3982 sunt,
1558 3922 1769 3988 quando
1813 3921 2014 3976 Galatae
2061 3929 2292 3994 perversi

718 4011 855 4061 sunt,
890 4015 1018 4069 gens
1057 4003 1254 4072 integra
1304 4017 1356 4060 cl
1404 4019 1622 4062 eatenus
1674 4015 2030 4082 acccptabilis,
2082 4020 2294 4086 quando

718 4108 864 4143 suam
887 4092 1174 4148 l-Icclesiani
1189 4097 1444 4152 Corinthii
1469 4101 1720 4170 plurimas
1742 4105 1791 4156 in
1813 4117 1989 4172 partes
2003 4110 2289 4172 sciderunt,

717 4185 1130 4254 l'ornieatorique
1158 4191 1429 4245 teterrimo
1457 4207 1550 4260 per
1595 4209 1718 4247 suas
1768 4197 2048 4252 blanditias
2079 4201 2293 4268 pudoris

719 4289 926 4343 quoque
974 4291 1187 4332 sensum
1236 4279 1738 4352 abstulerunt,an
1791 4287 1934 4340 illum
1985 4305 2290 4357 perpessum

720 4378 892 4431 putas,
941 4376 1166 4438 quantas
1195 4370 1330 4424 illius
1359 4375 1536 4427 animo
1570 4376 1814 4433 tenebras
1846 4379 2042 4430 othtsttS
2069 4380 2295 4433 arbitra-

719 4462 823 4512 iis?
847 4465 948 4518 Sed
973 4467 1096 4534 quid
1122 4483 1216 4522 nos
1242 4467 1336 4520 ista
1365 4466 1684 4536 conjecturis
1712 4471 2027 4538 colligimus,
2066 4487 2185 4526 eum
2229 4473 2292 4525 il-

718 4555 816 4607 lius
849 4556 1006 4609 verba
1057 4557 1240 4612 audire
1290 4557 1481 4611 liceat?
1529 4556 1818 4613 Corinthiis
1869 4562 2010 4614 enim
2056 4563 2292 4616 scribens

715 4646 923 4700 dicebat
957 4665 970 4701 :
999 4647 1246 4715 Quoniam
1304 4667 1368 4705 ea:
1413 4652 1569 4703 multa
1613 4651 1928 4706 tribulatione
1970 4662 2017 4706 et
2059 4657 2291 4725 angustia

716 4740 881 4790 cordis
903 4740 1080 4810 scripsi
1108 4742 1240 4795 vobis
1269 4761 1358 4811 per
1384 4742 1566 4796 multas
1594 4745 1842 4814 lacrymas
1873 4745 1948 4816 (2.
1982 4744 2099 4799 Cor.
2127 4748 2180 4801 2.
2211 4748 2287 4818 tl).

717 4831 777 4881 lit
808 4846 1014 4882 rursum
1051 4849 1062 4882 :
1097 4831 1178 4884 Ne
1217 4838 1345 4903 forte
1386 4851 1500 4886 cum
1540 4851 1732 4899 venero,
1770 4837 1994 4890 humiliet
2023 4855 2101 4890 me
2130 4839 2285 4904 Deus,

715 4933 757 4970 at
787 4922 983 4988 lugeam
1016 4924 1198 4978 multos
1223 4926 1307 4993 qtti
1331 4936 1448 4978 ante
1475 4938 1821 4993 paraverunt,
1868 4939 1914 4981 et
1950 4946 2048 4982 non
2088 4943 2288 5000 egerunt

714 5015 1056 5079 pwuitentiam
1096 5015 1199 5086 (Ib.
1248 5019 1330 5084 l2.
1385 5020 1500 5088 21).
1552 5019 1752 5075 Calatis
1783 5038 1908 5076 vero
1940 5043 1951 5076 :
1989 5023 2185 5091 Fitioli,
2221 5029 2289 5078 iii-

712 5109 844 5169 quit,
879 5107 994 5167 mei,
1034 5125 1155 5175 quos
1198 5111 1376 5164 iterum
1403 5114 1652 5181 parturio,
1685 5114 1840 5167 donec
1873 5119 2114 5184 formetur
2139 5118 2284 5170 Chri-

712 5208 817 5249 stus
845 5199 895 5249 in
923 5199 1057 5252 vobis
1087 5200 1226 5273 (Gal.
1257 5203 1308 5256 4.
1344 5203 1456 5272 19).
1493 5205 1564 5258 De
1593 5205 1839 5259 Asiaticis
1880 5223 2009 5264 vero
2051 5210 2288 5263 scribens

709 5289 774 5340 ad
806 5289 1119 5358 discipulum
1144 5275 1378 5362 queriiur
1397 5305 1450 5348 et
1476 5295 1789 5364 ingemiscit.
1819 5298 1998 5368 Neque
2026 5301 2166 5354 enim
2191 5302 2285 5354 ista

713 5381 883 5432 solum
910 5392 1032 5435 tunc
1061 5384 1205 5437 illum
1236 5400 1465 5439 interere
1491 5387 1808 5450 alticiebant,
1838 5389 1932 5443 sed
1959 5400 2010 5444 et
2039 5390 2192 5445 datus
2216 5391 2286 5451 illi

710 5473 956 5526 Stimulos
983 5475 1052 5527 ita
1092 5490 1211 5528 enin
1259 5477 1488 5532 vexabat
1534 5486 1692 5547 atque
1731 5479 2023 5549 afﬂigebat,
2059 5491 2114 5534 ut
2147 5497 2288 5549 sape

711 5566 1003 5647 proiliujns
1046 5569 1379 5623 absolutione
1427 5571 1592 5625 Deum
1637 5573 1953 5640 deprecatus
1988 5573 2052 5626 sit
2101 5575 2284 5643 :qttml

717 5662 851 5722 i‘iiim
905 5662 986 5717 hic
1034 5665 1127 5730 ait,
1180 5675 1281 5723 :cr,
1344 5667 1533 5734 sapius
1566 5661 2063 5734 sigtiilicat(‘-’-.Cor.
2094 5666 2172 5728 1'2.
2205 5668 2280 5741 8.).

1449 259 1504 313 ε.
1543 260 1816 315 ιολκκιδ
1853 259 2321 314 Ciniszsroni
2362 259 2677 314 ARCIIIEP.
2719 220 3256 315 CONSTA‘NTINOP.

3863 255 3964 310 483

2391 371 2616 426 Prorsus
2645 388 2771 426 vero
2801 373 3013 440 quando
3040 373 3126 426 ille
3154 373 3418 440 respirare
3448 372 3634 440 potuit,
3667 371 3756 440 qui
3791 369 3966 425 fratris

2387 480 2597 535 quoque
2638 465 2932 519 absentiam
2977 465 3220 533 lugebat?
3269 464 3349 517 Ex
3391 481 3466 527 eo,
3518 465 3682 529 enim,
3706 463 3802 525 ait,
3832 464 3968 532 quod

2388 573 2485 608 non
2513 556 2674 607 inveni
2703 555 2866 608 Titum
2887 559 3092 625 fratrem
3123 571 3308 617 meum,
3330 572 3428 608 non
3451 555 3598 606 habui
3635 552 3963 631 requiemJQ.

2389 646 2508 698 Cor.
2531 646 2585 698 2.
2617 645 2728 715 15).
2759 645 2814 699 In
2842 647 3060 700 alterius
3088 645 3212 698 item
3240 645 3424 698 morbo
3456 645 3554 697 liuc
3596 643 3732 697 idem
3779 658 3970 710 passus

2389 750 2470 790 est
2501 757 2511 789 :
2547 736 2681 791 Deus
2708 739 2840 790 enim
2864 739 3097 791 misertus
3116 748 3186 790 est
3204 739 3333 807 ejus,
3353 737 3418 790 de
3450 736 3695 804 Epaplira
3724 736 3969 788 scribens

2389 827 2832 897 Philippensibus,
2857 846 2956 881 non
2993 830 3128 881 illius
3155 840 3319 880 autent
3347 827 3530 889 solum,
3571 828 3657 879 sed
3677 836 3724 877 et
3753 829 3867 884 mei,
3909 842 3971 878 ne

2389 921 2640 972 tristitiam
2672 937 2821 987 super
2851 920 3100 971 tristitiam
3137 919 3365 971 haberem
3393 917 3558 987 (Phil.
3589 915 3642 967 ἓ.
3667 911 3779 981 27).
3813 915 3874 968 Et
3901 915 3971 965 de

2389 1010 2753 1063 seductoribus
2778 1026 2839 1064 ac
2861 1011 2958 1062 sibi
2983 1010 3361 1063 reluctantibus
3377 1009 3604 1078 graviter
3624 1020 3876 1066 ιυωνειιε.
3903 1006 3972 1056 ad

2389 1100 2724 1153 Timotheum
2779 1100 2964 1153 scribit
3012 1120 3024 1153 :
3070 1099 3377 1164 Alexander,
3431 1099 3702 1166 inquiens,
3754 1096 3976 1150 wrarius

2392 1191 2545 1241 multa
2573 1190 2696 1240 mihi
2723 1190 2856 1240 mala
2879 1191 3091 1241 ostendit
3120 1204 3137 1240 :
3166 1189 3342 1240 reddat
3371 1188 3446 1240 illi
3487 1186 3786 1256 Deusjuxta
3814 1201 3975 1252 opera

2389 1297 2481 1333 sua
2510 1280 2584 1347 (9..
2615 1279 2748 1336 Tim.
2774 1283 2825 1332 4.
2859 1281 2968 1348 14).
2993 1279 3160 1347 Quam
3187 1278 3343 1347 igitur
3372 1279 3470 1331 iste
3488 1278 3570 1332 vel
3596 1277 3811 1330 brevem
3845 1289 3977 1330 mm-

2393 1371 2526 1421 roris
2557 1384 2617 1422 ac
2647 1368 2847 1423 doloris
2877 1371 3071 1422 habere
3101 1370 3335 1436 requiem
3365 1365 3801 1438 poterat?Neque
3826 1366 3975 1420 enim

2392 1478 2451 1514 ea
2482 1462 2594 1516 sola
2618 1477 2734 1530 qua:
2761 1461 2902 1515 dicta
2929 1471 3072 1525 sunt,
3100 1461 3348 1514 obsidere
3393 1463 3627 1514 animum
3669 1462 3783 1530 ejus
3827 1471 3980 1529 pote-

2392 1564 2532 1619 iant,
2565 1555 2657 1607 sed
2683 1561 2738 1609 et
2757 1555 2856 1607 alia
2884 1570 3000 1622 qua:
3029 1569 3314 1608 ιιιωτοτριῐι
3345 1553 3418 1607 illi
3463 1553 3731 1606 assiduum
3772 1553 3980 1620 prii-be-

2394 1647 2536 1698 bant.
2567 1647 2630 1700 Et
2657 1662 2715 1699 ea
2742 1661 2929 1699 rursus
2959 1648 3069 1714 ipse
3090 1646 3313 1714 aperuit,
3339 1661 3457 1697 eum
3487 1645 3612 1697 dicit
3645 1661 3658 1694 :
3694 1643 3889 1695 Pra'ter
3917 1661 3982 1696 ea

2391 1755 2504 1806 qua
2524 1738 2647 1807 foris
2677 1747 2792 1790 sunt
2819 1738 3058 1791 instantia
3090 1753 3198 1790 mea
3222 1737 3534 1806 quotidiana,
3561 1734 3846 1787 sollicitudo
3865 1750 3980 1785 ont-

2393 1829 2530 1878 nium
2563 1825 2924 1880 Ecclesiarum.
2963 1825 3088 1891 Quis
3130 1826 3437 1893 inﬁrmatur,
3479 1835 3523 1876 et
3563 1840 3652 1892 ego
3694 1839 3791 1874 non
3833 1822 3983 1888 inﬁr-

2397 1921 2550 1974 mar?
2576 1920 2689 1988 quis
2715 1920 3107 1983 scandalizatur,
3141 1928 3185 1970 et
3211 1934 3302 1987 ego
3339 1933 3438 1970 non
3469 1933 3586 1968 uror
3615 1916 3687 1984 (Ξ.
3719 1913 3838 1968 Cor.
3891 1915 3980 1967 ll.

2394 2011 2486 2066 28.
2506 2011 2634 2079 99)?
2659 2011 2711 2066 Si
2743 2013 2898 2080 igitur
2929 2011 3014 2064 ille
3037 2025 3131 2080 per
3156 2009 3392 2076 singulos
3433 2023 3640 2070 eorum,
3686 2007 3774 2074 qui
3818 2019 3983 2058 scau-

2378 2101 2781 2163 ,dalizabantur,
2814 2100 3084 2162 urebatur,
3116 2097 3352 2166 profecto
3391 2113 3452 2150 ea
3481 2098 3686 2149 :iiluslio
3715 2094 3983 2160 exstingui

2396 2208 2463 2248 ex
2497 2193 2638 2246 illius
2666 2193 2842 2245 animo
2874 2208 2978 2246 non
3022 2200 3244 2260 poterat.
3297 2189 3474 2258 Neque
3527 2189 3668 2242 enim
3728 2201 3982 2254 umquam

2395 2285 2618 2338 deerant
2649 2284 2737 2350 qui
2763 2283 3268 2344 seandalizarentur,
3298 2282 3510 2348 ignique
3536 2279 3672 2330 illius
3703 2288 3985 2330 mateiiam

2395 2375 2880 2430 subministrarcnt.
2910 2374 3040 2427 Nam
3068 2374 3111 2426 si
3138 2381 3186 2426 et
3221 2373 3377 2426 urbes
3399 2379 3452 2423 et
3471 2380 3656 2439 gentes
3683 2383 3824 2435 srepe
3848 2369 3987 2420 inte-

2394 2484 2502 2535 gra:
2538 2467 2696 2536 lallSiC
2723 2476 2866 2532 sunt,
2895 2467 3062 2521 multo
3092 2480 3219 2517 sane
3256 2463 3422 2530 magis
3459 2477 3618 2515 unum
3671 2474 3884 2529 semper
3929 2468 3988 2514 et

2396 2557 2621 2611 alterum
2649 2558 2734 2626 qui
2784 2558 2895 2611 haec
2934 2565 3242 2626 paterentur
3300 2554 3522 2608 inveniri
3580 2567 3798 2605 necesse
3840 2562 3983 2614 erat,

2398 2664 2516 2702 eum
2541 2658 2617 2701 tot
2640 2661 2820 2702 essent
2852 2649 3106 2703 Ecclesia‘
3141 2664 3232 2716 per
3258 2647 3461 2700 orbem.
3487 2644 3857 2698 Concedamus
3885 2659 3985 2696 au-

2399 2750 2528 2799 tem,
2559 2739 2600 2790 si
2633 2739 2826 2806 placet,
2865 2755 3036 2808 neque
3065 2737 3480 2792 scandalizatum
3521 2735 3682 2789 fuisse
3729 2735 3985 2803 aliquem,

2399 2843 2568 2895 neque
2594 2828 2660 2880 ab
2699 2843 2762 2882 eo
2799 2828 3122 2896 disjunctum
3171 2826 3473 2896 aliquando,
3505 2841 3672 2895 neque
3718 2823 3860 2877 aliud
3891 2824 3989 2876 ali-

2399 2921 2524 2988 quid
2555 2919 2856 2988 liiijusmodi
2894 2921 3122 2973 tristium
3172 2920 3246 2973 illi
3277 2919 3562 2987 contigisse
3597 2937 3610 2971 :
3643 2935 3708 2972 ne
3752 2919 3830 2971 sic
3870 2918 3988 2987 qui-

2399 3011 2518 3062 item
2552 3026 2782 3063 llltBl‘Ot‘c
2809 3025 3038 3064 vacuum
3071 3009 3311 3062 invenire
3343 3009 3649 3074 poterimus.
3681 3009 3794 3075 Qua
3843 3008 3896 3060 in
3929 3023 3990 3060 re

2403 3102 2576 3154 nullus
2606 3105 2795 3156 iterum
2847 3103 2997 3157 testis
3040 3104 3215 3172 aptior
3247 3101 3494 3160 occurrit,
3529 3115 3685 3166 quam
3739 3101 3852 3165 iise
3899 3100 3988 3165 qui

2402 3209 2588 3262 passus
2617 3203 2718 3248 est.
2750 3194 2887 3260 Quid
2929 3195 3070 3248 enim
3125 3195 3212 3246 ille
3265 3192 3370 3244 ait?
3422 3191 3669 3256 Optabam
3721 3189 3992 3244 anathema

2401 3304 2556 3341 essea
2582 3287 2781 3340 Christo
2818 3303 2908 3356 pro
2941 3287 3178 3354 fratribus
3207 3286 3351 3346 meis,
3383 3284 3607 3353 cognatis
3647 3282 3768 3334 meis
3813 3297 3993 3334 secun-

2403 3379 2523 3430 dum
2545 3395 2764 3441 carnem,
2795 3382 2881 3448 qui
2904 3389 3018 3431 sunt
3044 3377 3294 3431 Israelita:
3324 3377 3498 3443 (Itoni.
3524 3375 3576 3430 9.
3600 3374 3675 3444 '5).
3709 3373 3863 3438 Quod
3899 3389 3991 3424 au-

2404 3481 2508 3522 tem
2532 3469 2676 3532 dicit,
2705 3470 2808 3522 tale
2836 3479 2917 3522 est
2949 3487 2962 3522 :
2994 3467 3295 3538 Optabilins
3317 3466 3441 3518 mihi
3465 3476 3577 3521 erat
3606 3466 3654 3517 in
3687 3464 3991 3532 gehennam

2403 3560 2652 3623 incidere,
2687 3575 2844 3628 quam
2891 3559 3157 3614 lsraelitas
3193 3558 3434 3611 inﬁdeles
3482 3565 3536 3609 et
3581 3553 3884 3608 incredulos
3918 3552 3993 3603 vi-

2400 3650 2526 3703 dere
2558 3667 2569 3701 :
2605 3648 2702 3702 llth
2728 3651 2867 3704 enim
2895 3659 2995 3713 est,
3029 3649 3279 3718 Optabam
3301 3649 3577 3701 anathema
3590 3665 3717 3700 esse.
3738 3649 3784 3701 ls
3803 3657 3983 3700 autem

2401 3742 2489 3809 qui
2516 3741 2744 3810 eligebat
2770 3741 3026 3810 gehennre
3070 3742 3386 3806 cruciatum,
3437 3752 3492 3795 ut
3533 3742 3745 3797 .ludmos
3798 3760 3988 3798 omnes

2401 3833 2466 3886 ad
2493 3833 2649 3887 tidem
2678 3845 2854 3902 posset
2885 3835 3158 3899 inducere,
3203 3834 3368 3903 liquet
3412 3834 3651 3903 profecto
3687 3837 3828 3904 quod
3879 3853 3986 3890 non

2405 3928 2599 3994 potitus
2629 3928 2734 3979 voti
2763 3927 2842 3981 sui
2869 3929 3081 3995 gravius
3108 3927 3464 3992 afficiebatur,
3510 3943 3666 3997 quam
3722 3930 3756 3982 ii
3794 3929 3884 3998 qui
3935 3930 3984 3981 iu

2401 4018 2640 4087 gelienna
2679 4019 2980 4072 cruciantur
3008 4037 3019 4071 :
3044 4018 3472 4089 quandoquidem
3500 4019 3674 4088 potius
3696 4018 3797 4075 hoc
3823 4035 3984 4088 quam

2405 4111 2529 4164 illud
2557 4111 2822 4179 cupiebat.

2478 4201 2556 4254 12.
2586 4200 2856 4268 Comparat
2884 4201 3094 4269 Stagirii
3122 4200 3341 4254 dolorem
3371 4217 3484 4252 cum
3517 4201 3837 4268 antiquorum
3865 4213 3987 4249 nia--

2402 4293 2686 4347 rore.——Tu
2709 4294 2863 4347 velim
2888 4308 2980 4362 per
2997 4293 3199 4362 singula
3227 4309 3344 4362 quae
3366 4293 3501 4346 dicta
3525 4301 3666 4353 sunt,
3686 4306 3789 4344 non
3808 4292 3985 4344 solum

2403 4386 2678 4437 materiam
2710 4385 2928 4453 cogites,
2957 4399 3021 4439 ex
3051 4399 3152 4452 qua
3177 4383 3429 4436 nimstit'ia
3460 4383 3586 4435 viris
3609 4383 3710 4436 illis
3733 4382 3982 4451 gigneba~

2402 4486 2505 4538 tur,
2535 4475 2629 4530 sed
2657 4490 2958 4529 mensuram
2981 4476 3142 4528 etiam
3181 4473 3400 4538 doloris,
3432 4482 3486 4526 et
3519 4473 3853 4526 multoillmn
3874 4489 3986 4526 ma-

2394 4568 2566 4635 jorem
2589 4567 2833 4636 aspicies,
2863 4582 3018 4635 quam
3053 4576 3172 4619 tuus
3197 4567 3284 4618 sit.
3311 4565 3458 4629 Quod
3485 4567 3626 4619 enim
3655 4564 3812 4618 modo
3839 4581 3984 4634 quie-

2401 4661 2554 4724 ritur,
2585 4658 2684 4712 hoc
2708 4668 2813 4721 est,
2848 4657 3129 4727 graviusue
3159 4658 3229 4710 illi
3261 4666 3585 4725 angerentur
3617 4673 3630 4709 ;
3666 4670 3824 4725 porro
3851 4671 3986 4709 ma»

2400 4752 2558 4804 Sliiiie
2583 4765 2826 4806 mensura
2862 4767 2965 4802 non
2998 4766 3062 4802 ex
3085 4749 3364 4802 occasione
3391 4764 3492 4818 qua
3522 4757 3641 4802 nata
3669 4756 3752 4802 est
3785 4750 3980 4812 solum,

2398 4841 2489 4895 sed
2522 4857 2586 4896 ex
2610 4843 2789 4896 verbis
2812 4842 2971 4895 etiam
2995 4851 3046 4895 et
3075 4841 3232 4896 rebus
3260 4840 3468 4909 probari
3504 4842 3798 4894 consuevit.
3850 4841 3982 4894 Nam

2397 4934 2604 5003 plurimi
2633 4949 2751 4988 eum
2779 4933 2950 4986 solum
2991 4933 3292 4984 amisissent
3318 4931 3597 5002 pecunias,
3633 4932 3800 5000 magis
3822 4948 3980 4998 quam

2399 5025 2556 5077 modo
2576 5025 2770 5077 caritas
2796 5031 2883 5077 tua
2914 5023 3216 5086 doluerunt,
3235 5032 3394 5089 atque
3415 5038 3477 5074 ex
3507 5021 3588 5076 his
3612 5022 3698 5076 alii
3734 5039 3791 5076 se
3829 5025 3982 5092 aquis

2399 5115 2814 5181 sull'ocaverunt,
2849 5114 2935 5167 alii
2965 5113 3154 5181 laqueo
3177 5111 3278 5164 sibi
3303 5113 3463 5164 vitam
3491 5123 3850 5177 estorsevunt,
3883 5114 3977 5167 de-

2399 5209 2645 5266 trimenta
2703 5223 2806 5261 non
2848 5206 3080 5262 ferentes
3115 5223 3127 5259 :
3160 5205 3384 5258 aliorum
3414 5219 3542 5258 vero
3581 5205 3742 5259 etiam
3795 5207 3980 5260 oculos

2397 5301 2644 5357 maeroris
2677 5299 2835 5369 hujus
2867 5300 2943 5353 vis
2986 5313 3049 5352 ac
3095 5298 3401 5366 magnitudo
3429 5299 3668 5351 eieeavit.
3717 5297 3785 5351 Et
3831 5309 3979 5352 certe

2399 5396 2552 5461 longe
2575 5394 2746 5448 levius
2772 5409 2833 5448 ac
2859 5392 3183 5447 tolerabilius
3217 5391 3420 5444 videtur
3446 5391 3691 5460 pecunias
3711 5391 3977 5454 amittere,

2398 5504 2554 5554 quain
2589 5485 2855 5553 pertubari
2880 5499 2907 5536 a
2939 5483 3217 5546 (Immone;
3249 5482 3340 5536 sed
3381 5492 3552 5536 tamen
3603 5481 3814 5549 plurimi
3859 5496 3976 5533 cum

2399 5581 2509 5632 tum:
2540 5578 2746 5632 fortiter
2775 5576 3036 5638 tulissent,
3071 5574 3136 5628 ab
3187 5575 3274 5627 illo
3319 5572 3555 5641 superati
3601 5581 3743 5624 sunt.
3797 5571 3979 5641 Neque

2401 5674 2541 5724 enim
2568 5670 2721 5724 velim
2759 5671 2858 5726 ista
2887 5682 3025 5721 nunc
3047 5682 3107 5720 es
3137 5666 3314 5720 animo
3364 5675 3451 5718 tuo
3500 5664 3758 5730 metiaris,
3809 5680 3978 5734 neque
