4264 6312
235 366 340 420 εει»

237 478 487 549 qumiiam
539 488 593 532 tu
648 478 987 547 pecuniarum
1032 476 1348 530 detrimenta
1401 472 1631 535 irrides,
1683 468 1817 521 alios

238 569 401 623 etiam
427 569 497 622 ita
528 568 746 622 affectos
788 566 1090 631 arbitreris;
1143 567 1338 635 quippe
1381 577 1561 617 earum
1602 558 1819 611 amissio

238 660 501 728 plurimos
532 660 582 711 in
608 660 865 710 insaniam
890 667 941 710 et
975 672 1178 710 summa
1209 654 1523 708 detrimenta
1554 648 1817 718 perduxit.

237 755 308 805 At
336 753 479 806 enim
510 752 693 805 fortem
724 750 958 803 animum
983 758 1226 803 neutrum
1258 748 1441 799 horum
1471 742 1703 811 dejicere
1724 755 1819 791 va-

239 842 342 906 iet;
390 840 669 894 imbecillis
694 856 818 893 vero
859 854 922 891 ac
966 837 1164 891 sa-culo
1207 835 1469 899 addictus,
1517 834 1606 885 illo
1647 828 1820 899 potius

238 949 398 1002 quam
431 934 532 986 isto
552 932 850 986 cruciatur?
878 931 985 985 Cor
1016 929 1105 982 id?
1131 929 1264 996 Quia
1286 928 1423 983 idem
1461 941 1567 979 non
1614 933 1713 987 est,
1747 922 1821 975 fa-

239 1040 382 1078 mem
407 1040 619 1089 semper
647 1033 916 1085 metuere,
957 1030 1011 1074 et
1056 1006 1233 1090 paucis
1266 1019 1453 1072 diebus
1495 1014 1679 1085 agitari
1724 1013 1823 1064 hoc

240 1115 452 1168 morbo.
483 1110 610 1166 Nam
649 1113 733 1167 hic
753 1112 962 1181 quidem
986 1111 1131 1164 brevi
1164 1107 1416 1176 temporis
1438 1115 1587 1175 parte
1619 1103 1673 1157 fit
1708 1102 1819 1153 vio-

242 1206 404 1258 lentia
431 1205 621 1276 omnis,
655 1219 759 1255 non
800 1218 953 1255 secus
996 1217 1153 1261 quam
1193 1199 1353 1252 febris
1388 1196 1661 1266 cujusdam
1684 1234 1700 1255 ,
1736 1200 1827 1243 aut

240 1297 453 1363 rigoris,
476 1294 557 1347 vel
587 1295 804 1347 alterius
831 1292 1154 1345 imminentis
1198 1290 1443 1360 periculi;
1496 1288 1602 1340 imo
1652 1284 1824 1337 minus

241 1388 498 1454 temporis
546 1394 804 1454 occupat,
847 1400 1003 1453 quam
1054 1384 1147 1435 ista
1191 1381 1387 1433 omnia.
1442 1379 1544 1432 Sed
1603 1376 1824 1428 fortasse

240 1479 403 1533 vintit
430 1476 801 1531 vehementia?
830 1476 988 1544 Atqui
1020 1475 1273 1542 pltlt'illl'lS
1309 1473 1399 1525 tibi
1434 1486 1643 1539 ansetn
1671 1466 1822 1534 equi-

241 1569 367 1622 dem
398 1567 679 1620 ostendere
708 1566 1009 1618 laborantes
1038 1562 1294 1625 febribus,
1325 1563 1409 1628 qui
1443 1575 1561 1611 cum
1598 1573 1662 1611 eo
1705 1558 1825 1623 igne

240 1657 622 1726 corripiuntur,
648 1657 812 1708 multo
850 1656 1016 1723 magis
1046 1668 1201 1721 quam
1243 1653 1295 1716 ii,
1327 1652 1413 1719 qui
1451 1648 1825 1718 perturbantur

242 1763 270 1798 a
299 1746 563 1816 (iterumne,
588 1746 937 1814 exagitantur.
965 1744 1034 1796 At
1061 1758 1185 1795 vero
1216 1740 1514 1809 indigentia-
1539 1749 1729 1803 metus,
1760 1751 1825 1788 ne

242 1838 420 1891 desint
446 1836 767 1899 necessaria,
795 1834 957 1888 veluti
986 1833 1181 1887 vermis
1210 1831 1451 1885 assiduus
1476 1830 1673 1898 jugiter
1701 1843 1822 1896 per-

242 1927 462 1980 turbans
484 1939 638 1995 atquc
667 1924 926 1987 assidens,
956 1938 1244 1993 pauperum
1290 1920 1519 1974 corrotlit
1566 1920 1821 1971 animum.

244 2018 313 2071 Et
356 2018 478 2086 quid
525 2034 621 2085 ego
666 2027 1027 2087 paupertatem
1075 2013 1507 2069 dicam?0mnes
1550 2011 1824 2063 hominum

241 2109 569 2161 ealamitates
595 2108 636 2159 si
663 2107 1002 2161 dinumerare
1040 2106 1295 2168 velimus,
1336 2119 1442 2156 non
1486 2101 1583 2170 ipsi
1630 2101 1822 2164 solum,

242 2196 337 2250 sed
368 2208 420 2249 tu
451 2212 656 2266 quoque
684 2197 911 2251 lamenta
952 2206 1034 2249 tua
1068 2210 1129 2248 ac
1159 2196 1394 2264 ploratus
1425 2193 1649 2246 fortasse
1681 2190 1825 2243 ride-

243 2289 345 2341 bis.
378 2289 611 2357 Denique
640 2304 741 2341 non
771 2289 939 2342 solum
973 2304 1179 2349 ornnes,
1209 2286 1301 2340 sed
1341 2301 1407 2339 ne
1451 2285 1823 2339 brevissimam

242 2377 457 2444 quidem
486 2393 666 2431 earum
719 2388 917 2446 partem
963 2379 1135 2446 eloqui
1183 2377 1335 2431 nobis
1371 2376 1621 2445 possibile
1662 2384 1822 2428 esset.

241 2467 425 2538 Neque
463 2470 603 2522 enim
640 2470 836 2523 scimus
867 2470 982 2521 illas
1002 2510 1016 2531 ,
1050 2484 1221 2538 neque
1240 2468 1281 2521 si
1310 2468 1588 2529 sciremus,
1619 2476 1827 2533 tempus

242 2574 403 2611 omne
434 2560 721 2611 narrationi
753 2557 1021 2611 suftiCeret
1055 2575 1066 2610 :
1096 2573 1276 2610 verum
1326 2569 1521 2625 paucas
1560 2571 1624 2609 ex
1659 2554 1825 2622 pluri-

242 2653 347 2703 mis
372 2665 466 2718 pro
487 2650 680 2703 viribus
706 2652 984 2718 coliigens,
1013 2666 1075 2703 ex
1119 2650 1200 2702 bis
1240 2649 1329 2701 tibi
1375 2663 1466 2702 eas
1503 2646 1660 2701 eti~m
1707 2662 1825 2714 qua:

241 2740 400 2792 dii-tm
427 2754 533 2791 non
560 2748 700 2801 sunt,
731 2739 1088 2805 conjiciendas
1116 2739 1431 2807 relinquam.

314 2829 607 2898 Deumpltili
632 2830 860 2898 exemplo
889 2831 1082 2883 solatur
1108 2830 1407 2900 Stagirium.
1430 2860 1500 2870 —
1537 2828 1825 2895 Memento,

241 2936 444 2989 qttmso,
476 2920 619 2973 senis
646 2920 787 2972 illius
814 2920 1117 2973 amicissimi
1142 2961 1158 2981 ,
1193 2920 1559 2987 Demophiium
1588 2918 1726 2978 dico,
1754 2932 1823 2970 ex

243 3024 431 3077 magna
462 3009 753 3075 illustrique
782 3008 997 3061 familia.
1024 3008 1117 3060 llic
1152 3010 1260 3075 jam
1298 3009 1539 3075 quintum
1583 3016 1635 3060 ct
1677 3005 1827 3059 deci-

245 3120 389 3155 mum
438 3119 631 3155 annum
678 3103 803 3169 agit,
850 3116 914 3154 ex
952 3118 1056 3169 quo
1097 3100 1227 3151 nihil
1260 3100 1430 3153 facere
1474 3099 1591 3167 plus
1631 3105 1825 3166 potest,

240 3208 400 3261 quam
425 3194 636 3257 mortui,
658 3193 755 3243 nisi
781 3191 920 3260 quod
945 3191 1120 3243 tremit
1139 3191 1333 3258 jugiter
1354 3199 1405 3244 et
1424 3190 1678 3258 loquitur,
1704 3205 1827 3243 sen-

240 3301 465 3352 sumque
498 3284 785 3351 perfectum
811 3299 1023 3335 suorum
1059 3284 1213 3335 habet
1250 3285 1530 3335 malorum.
1561 3282 1823 3336 C:l!lttl‘lllll

243 3376 295 3427 in
324 3389 527 3426 suumta
559 3384 862 3441 paupertate
892 3375 1048 3425 vitam
1079 3375 1200 3442 agit,
1233 3374 1474 3425 ministro
1498 3383 1697 3427 tantum
1723 3388 1827 3427 uno

242 3468 580 3519 adolescente
617 3470 916 3526 comitatus,
969 3467 1107 3519 bono
1150 3467 1360 3534 quidem
1401 3481 1461 3519 ae
1502 3467 1700 3520 domini
1745 3467 1825 3521 sui

242 3559 502 3621 studioso,
534 3574 635 3609 non
664 3568 837 3609 tamen
865 3560 949 3626 qui
974 3553 1325 3611 Calamitatent
1347 3559 1400 3611 ill
1422 3575 1488 3610 ιιιι
1519 3558 1675 3611 stilari
1707 3575 1827 3627 pos-

242 3650 347 3700 sit.’
369 3648 545 3716 Neque
577 3650 717 3701 enim
753 3650 979 3718 inopiam
1007 3650 1191 3716 juvare
1222 3660 1411 3718 potest,
1462 3665 1631 3718 neque
1674 3665 1826 3713 reso-

245 3738 461 3790 lutionis
492 3748 775 3791 tremorem
822 3741 873 3790 si
898 3750 1028 3804 tere,
1074 3740 1467 3793 sudiutteellam
1503 3750 1704 3793 tantum
1744 3741 1822 3794 ori

244 3829 445 3881 domini
477 3846 765 3897 apponere,
796 3833 987 3899 quippe
1018 3847 1185 3898 neque
1214 3832 1277 3883 ad
1327 3831 1426 3882 hoc
1460 3832 1602 3884 illum
1640 3832 1825 3901 juvare

245 3929 470 3987 possunt
516 3936 732 3985 manus,
780 3931 832 3974 ct
875 3922 1066 3975 offerre
1106 3922 1345 3984 Calicem,
1387 3932 1442 3975 et
1480 3932 1822 3991 purgamenta

244 4012 449 4065 nat'ium
473 4012 779 4081 abstergerc
817 4012 1085 4079 praevalet,
1114 4012 1254 4063 aliud
1283 4023 1455 4067 autem
1486 4013 1601 4081 plus
1631 4013 1821 4068 inferre

245 4101 398 4153 nihil.
435 4100 499 4154 Et
522 4102 620 4154 iste
649 4101 882 4168 quidem,
918 4110 975 4154 ut
1014 4102 1140 4163 dixi,
1171 4102 1471 4170 quindecim
1511 4103 1619 4170 jam
1657 4119 1822 4158 annos

246 4193 298 4245 iu
322 4192 580 4257 eiusmodi
610 4193 860 4244 rerumuis
885 4192 1024 4261 degit
1064 4210 1076 4244 :
1115 4207 1213 4255 ego
1242 4204 1415 4247 autem
1459 4195 1604 4248 illum
1645 4196 1826 4249 eonsi-

244 4284 397 4346 dero,
425 4283 510 4351 qui
540 4284 747 4350 triginta
779 4292 829 4335 et
860 4295 979 4336 octo
1020 4285 1172 4336 armis
1216 4284 1315 4337 huc
1348 4287 1539 4340 morbo
1580 4286 1825 4340 detentus

246 4371 419 4425 fuerat
446 4370 621 4441 (Jomt.
655 4372 731 4440 5).

317 4463 599 4514 Aristoxeni
628 4463 908 4531 menmium
936 4478 993 4514 ex
1024 4461 1279 4533 Bithynia.
1301 4492 1372 4503 -—
1400 4464 1477 4518 Tu
1504 4466 1659 4519 velim
1686 4482 1826 4533 pra:-

244 4564 388 4606 tert:a
422 4554 791 4606 Aristovenum
825 4570 1034 4622 quoque
1077 4571 1141 4608 ex
1177 4556 1414 4626 Bithynia
1446 4559 1664 4627 cogites.
1697 4559 1827 4613 lluic

243 4644 387 4697 enim
426 4659 617 4712 corpus
656 4644 888 4697 nomlunt
932 4647 1221 4699 resolutum
1269 4659 1349 4702 est
1381 4660 1433 4702 ut
1462 4651 1533 4702 illi
1565 4652 1705 4716 seni,
1733 4668 1823 4706 ve-

246 4751 362 4787 rmu
391 4734 612 4803 languor
640 4735 775 4788 alios
800 4736 1055 4800 ittttttinel,
1092 4738 1246 4805 longe
1278 4740 1505 4811 paralysi
1540 4742 1622 4795 illa
1655 4744 1824 4795 mole-

244 4828 395 4879 stior.
425 4826 661 4895 Namque
690 4827 792 4880 alvi
821 4830 1211 4882 contractitmes
1240 4832 1480 4899 qna-dam
1508 4833 1826 4905 doloresque

247 4919 526 4971 tormentis
553 4920 799 4971 omnibus
826 4920 1145 4983 acerbiores,
1176 4938 1318 4977 nunc
1342 4925 1551 4992 quidem
1595 4927 1826 4984 verubus

243 5011 490 5062 conditus
532 5000 734 5063 acutius
773 5022 1088 5081 pungentes,
1145 5030 1286 5069 nunc
1330 5018 1448 5085 igne
1496 5019 1827 5074 vehementis

245 5111 482 5165 urentes,
514 5101 803 5171 diebusque
836 5104 1057 5172 singulis
1099 5120 1161 5158 ac
1195 5110 1439 5163 noctibus
1480 5126 1600 5163 eum
1644 5116 1827 5179 exagi-

244 5203 439 5257 tautes,
466 5194 602 5261 apud
638 5195 849 5264 ignaros
877 5197 993 5264 ejus
1024 5199 1191 5251 morbi
1218 5216 1469 5255 vesanum
1493 5204 1639 5256 Ellam
1659 5205 1824 5260 videri

243 5286 473 5349 faciunt;
505 5284 639 5339 adeo
687 5295 933 5355 torqttent
980 5289 1120 5341 illius
1171 5293 1414 5359 pupillas,
1472 5295 1597 5347 adeo
1639 5312 1829 5351 manus

247 5374 516 5442 pedesque
548 5377 886 5440 contralumt,
930 5387 985 5431 et
1027 5391 1228 5433 mutum
1282 5383 1425 5436 illum
1479 5388 1824 5440 constituunt.

248 5465 411 5517 Porro
441 5465 706 5521 clamores
734 5468 850 5536 ejus
875 5484 935 5523 ac
964 5470 1189 5540 gemitus
1221 5474 1364 5543 (nam
1393 5486 1506 5542 post
1538 5477 1681 5529 illam
1717 5481 1820 5547 |tiri—

245 5558 507 5610 vationem
545 5560 690 5613 vocis
720 5575 1120 5631 nonnumquam
1155 5565 1203 5618 in
1247 5565 1531 5621 clamorem
1572 5571 1820 5639 erumpit)

244 5648 469 5702 lamenta
514 5652 917 5717 parturientium
957 5664 1245 5722 superant,
1283 5658 1418 5711 adeo
1458 5668 1510 5711 ut
1554 5663 1746 5729 δςυειίιις
1794 5664 1825 5715 ii

241 5739 421 5803 etiarn,
451 5740 640 5809 quibus
673 5742 1005 5812 longinquius
1029 5745 1096 5797 ab
1130 5746 1268 5802 illius
1315 5747 1611 5815 habitaeulo
1647 5768 1810 5807 remo

1013 364 1103 419 AD
1141 362 1508 420 STAGllilUt‘l
1552 362 1591 413 Α
1623 354 1922 411 ιιΑἶΜΟΝΙτΣ
1956 352 2307 419 ιἰλΑτιῑΜ.
2336 354 2461 409 LIB.
2502 354 2588 410 Ill.

3408 358 3508 414 ιθο

1928 465 1992 517 tis
2023 464 2214 518 intirmi
2238 474 2379 529 sunt,
2411 480 2521 535 pro:
2544 465 2836 533 vigiliarum
2866 464 3023 521 tmdio
3064 466 3255 522 turbati
3302 470 3514 521 uittam

1924 553 2221 621 culpantes,
2245 554 2385 624 quod
2418 570 2483 609 ex
2512 554 2652 608 illius
2681 554 3002 610 clamoribus
3030 555 3256 611 inﬁrmis
3278 557 3391 612 suis
3416 557 3508 609 de-

1927 646 2091 699 terius
2112 646 2196 698 sit.
2223 646 2301 700 liii
2330 662 2459 700 vero
2489 664 2592 701 non
2623 664 2684 701 ex
2718 647 3017 719 longinquis
3063 648 3377 715 intervallis,
3418 648 3511 702 sed

1926 740 2123 806 saepius
2149 737 2337 791 diebus
2365 738 2587 806 singulis
2612 754 2674 792 ac
2702 740 2946 793 noctibus
2987 739 3268 809 centiugit,
3308 744 3516 794 sextus-

1926 842 2029 895 que
2047 826 2156 895 jam
2181 827 2266 880 hic
2296 844 2467 882 anuus
2498 830 2742 895 vertitur,
2775 845 2838 884 ex
2862 845 2967 897 quo
2992 830 3371 885 molestissimo
3395 829 3517 884 huic

1924 915 2136 984 ﬂagello
2156 918 2397 972 addictus
2423 928 2525 982 est,
2556 936 2727 988 neque
2750 936 2941 975 servus
2969 922 3102 975 ullus
3122 922 3395 990 adest,qui
3424 937 3518 976 eu-

1928 1024 2039 1061 ram
2064 1009 2177 1077 ejus
2207 1010 2417 1077 habeat,
2451 1026 2623 1080 neque
2651 1011 2910 1077 medicus,
2942 1013 3031 1082 qui
3074 1012 3385 1068 consoletur
3418 1031 3431 1068 :
3463 1013 3513 1067 itl

1929 1110 2145 1167 propter
2174 1100 2425 1167 inopiam,
2456 1100 2593 1154 istud
2622 1101 2742 1171 quia
2773 1110 2987 1171 superat
3012 1117 3224 1156 onmem
3273 1104 3404 1157 artis
3442 1104 3519 1158 iu-

1929 1189 2185 1243 dustriam
2220 1192 2262 1243 is
2293 1192 2528 1245 morbus.
2564 1192 2794 1245 Plurima
2827 1192 2967 1246 enim
3008 1192 3217 1262 plurimi
3245 1210 3366 1248 cum
3391 1210 3517 1264 ege—

1933 1281 2038 1334 rint
2066 1282 2207 1348 (erat
2234 1282 2376 1335 enim
2406 1292 2560 1336 antea
2589 1282 2826 1351 pecuniis
2855 1283 3069 1354 frctus),
3113 1284 3242 1339 nihil
3278 1286 3520 1353 profece-

1933 1383 2077 1427 runt.
2104 1373 2365 1443 Quodque
2392 1373 2475 1428 his
2505 1375 2751 1429 omnibus
2790 1376 3002 1445 gravius
3036 1382 3139 1443 est,
3177 1389 3349 1447 neque
3388 1377 3523 1429 ami-

1931 1478 2115 1517 corum
2138 1465 2330 1533 aliquis
2360 1480 2479 1519 eum
2504 1464 2613 1533 jam
2644 1466 2822 1519 videre
2864 1466 2997 1530 vult,
3036 1465 3131 1521 sed
3171 1482 3293 1521 eum
3334 1481 3523 1521 otunes

1931 1554 2303 1617 deseruerunt,
2334 1564 2387 1609 et
2417 1556 2449 1609 ii
2490 1556 2841 1625 quiplurimis
2862 1566 3019 1611 antea
3047 1556 3115 1610 ab
3150 1572 3216 1612 eo
3252 1556 3521 1611 beneficiis

1933 1647 2140 1700 fuerant
2162 1648 2354 1701 allecti.
2381 1646 2533 1713 Quod
2563 1648 2609 1702 si
2639 1649 2757 1717 quis
2783 1665 3031 1719 umquam
3057 1650 3371 1718 ingreditur,
3402 1666 3521 1719 pro-

1934 1738 2073 1790 tinus
2118 1738 2329 1791 resilit:
2370 1746 2514 1792 tanto
2554 1739 2744 1795 fmtore
2784 1739 2975 1794 domus
3019 1741 3103 1793 illa
3139 1742 3290 1809 plena
3322 1750 3420 1803 est,
3456 1756 3520 1795 eo

1931 1829 2071 1896 quod
2112 1828 2289 1881 nullus
2320 1828 2457 1883 adsit
2486 1831 2573 1899 qui
2606 1846 2786 1884 curam
2837 1830 2953 1899 ejus
3004 1841 3175 1899 gerat.
3220 1831 3332 1886 Una
3377 1832 3518 1885 enim

1931 1930 1984 1973 ct
2029 1919 2139 1971 Sola
2195 1919 2266 1972 illi
2314 1921 2503 1975 ancilla
2548 1920 2767 1984 assidet,
2816 1929 3016 1974 tantum
3068 1922 3142 1975 illi
3190 1921 3518 1984 ntinistrans,

1931 2019 2183 2078 quantum
2212 2018 2392 2079 potest
2430 2010 2642 2077 mulier,
2670 2026 2788 2064 cum
2818 2012 2882 2065 sit
2912 2020 2965 2065 et
2994 2013 3126 2076 sola,
3161 2022 3213 2066 et
3248 2028 3312 2064 ex
3360 2027 3522 2081 opere

1933 2115 2183 2152 tuanuum
2224 2102 2428 2157 vivens.
2471 2102 2723 2170 Quamam
2748 2119 2872 2173 ergo
2893 2102 3195 2157 demonum
3228 2103 3526 2157 vemiinil-

1932 2189 2035 2244 lius
2063 2193 2314 2246 :erumnis
2344 2195 2640 2263 comparari
2674 2194 2884 2263 potest?
2916 2196 3025 2250 Etsi
3065 2196 3204 2250 enim
3253 2212 3371 2249 cum
3423 2196 3520 2249 bo-

1933 2296 2049 2334 rum
2080 2281 2207 2336 nihil
2232 2285 2584 2351 perturbaret,
2602 2286 2726 2355 qtiid
2754 2303 2858 2339 non
2884 2296 3152 2355 pateretur
3173 2287 3519 2342 considerans

1930 2374 2066 2428 adeo
2097 2376 2360 2444 prolixum
2391 2386 2619 2446 tempus,
2653 2392 2759 2447 quo
2782 2379 2891 2448 jam
2934 2378 2984 2432 in
3034 2378 3229 2433 lectulo
3270 2378 3519 2440 decubat,

1932 2466 2279 2536 ingentesque
2305 2476 2566 2536 sumptus,
2590 2469 2678 2538 qui
2706 2482 2762 2522 se
2792 2469 2842 2521 in
2873 2483 3175 2538 sapremam
3204 2469 3520 2539 redi-gerunt

1932 2558 2187 2627 inopiam,
2202 2560 2490 2614 amicorum
2510 2570 2890 2630 eontemptum,
2920 2560 3234 2615 famulorum
3254 2571 3411 2630 atque
3428 2562 3521 2615 ob-

1932 2651 2267 2719 sequentium
2290 2651 2631 2705 solitudinem
2663 2661 2777 2717 :et,
2829 2652 2877 2704 id
2918 2652 3058 2720 quod
3103 2652 3333 2705 maxime
3379 2666 3519 2705 nunc

1932 2737 2103 2803 doles,
2133 2750 2335 2793 certam
2368 2740 2570 2792 nullam
2603 2739 2846 2794 fiduciam
2881 2739 3039 2795 habet
3067 2740 3314 2794 aii-finem
3343 2742 3521 2794 clades

1932 2827 2047 2883 istm
2078 2829 2335 2883 habitune
2376 2830 2500 2893 sint,
2536 2832 2641 2884 imo
2672 2844 2799 2884 vero
2842 2838 3040 2885 cei'tam
3084 2832 3346 2896 notitiam,
3380 2832 3519 2902 quod

1932 2930 1991 2970 se
2023 2918 2234 2972 vivente
2281 2933 2344 2972 ac
2378 2919 2614 2987 spirante
2654 2936 2940 2988 numquam
2987 2919 3274 2975 finientur?
3317 2922 3521 2991 Quippe

1933 3008 2049 3073 ejus
2080 3008 2249 3060 morbi
2280 3008 2379 3070 vis,
2406 3016 2459 3063 et
2480 3008 2822 3079 quotidianus
2872 3008 2922 3062 in
2959 3008 3224 3064 deteriora
3276 3026 3494 3082 progres

1932 3111 2043 3158 sus,
2072 3096 2171 3165 hoc
2195 3098 2532 3167 pollicentur.

2005 3189 2090 3243 15.
2133 3188 2454 3243 Xenodocltii
2478 3192 2645 3244 aditus
2684 3193 3043 3247 consolationis
3072 3194 3284 3247 occasio.
3315 3222 3387 3233 —
3415 3192 3516 3248 Ye-

1934 3296 2049 3333 rum
2101 3296 2167 3335 ne
2200 3297 2296 3350 per
2326 3282 2565 3353 singulos
2608 3298 2930 3338 enumerans
2961 3300 3055 3340 eos
3095 3286 3181 3355 qui
3216 3284 3519 3354 hujusinodi

1932 3372 2172 3427 adversis
2201 3373 2411 3428 casibus
2442 3374 2620 3428 afflicti
2645 3385 2791 3439 sunt,
2825 3374 3092 3430 fastidium
3127 3378 3422 3446 legentibus
3446 3376 3520 3430 fa-

1932 3466 2090 3531 ciam,
2136 3481 2317 3535 perge,
2349 3482 2552 3535 qumso,
2609 3467 2672 3520 ad
2706 3468 2867 3537 gilium
2920 3470 3003 3521 cui
3037 3468 3352 3523 xenodoehii
3397 3485 3520 3522 cura

1934 3558 2189 3627 permissa
2224 3568 2324 3623 est,
2370 3574 2431 3612 ac
2456 3560 2583 3626 jube
2610 3567 2658 3613 te
2684 3560 2747 3613 ad
2779 3560 2844 3613 ibi
2869 3559 3108 3628 jacentes
3151 3560 3434 3624 introduci,
3469 3571 3522 3615 ιιι

1932 3663 2143 3701 onmem
2174 3650 2481 3702 morborum
2516 3649 2763 3718 inSpicias
2794 3649 3047 3714 radicem,
3093 3667 3332 3720 novaque
3381 3651 3524 3704 infir-

1933 3741 2172 3793 mitatum
2202 3755 2420 3809 genera,
2466 3755 2757 3808 omnesque
2802 3741 3050 3795 materias
3082 3744 3348 3795 intrroris.
3396 3742 3520 3795 inde.

1936 3841 1985 3886 te
2013 3832 2077 3885 ad
2129 3848 2397 3886 carcerem
2444 3834 2645 3897 confer,
2701 3834 3015 3903 etuietisque
3066 3834 3203 3887 illius
3235 3834 3518 3887 habitaculi

1933 3922 2213 3991 diligenter
2243 3924 2555 3991 exploratis,
2601 3922 2938 3992 proficiscere
2967 3924 3033 3978 ad
3072 3926 3379 3979 balnearum
3429 3944 3519 3980 ve-

1933 4013 2146 4078 stibula,
2180 4027 2286 4083 quo
2327 4014 2377 4066 in
2408 4014 2544 4076 loco,
2591 4015 2715 4066 fimo
2744 4024 2796 4067 et
2826 4016 3018 4084 stipula
3050 4032 3144 4085 pro
3187 4017 3421 4072 vestibus
3471 4028 3523 4072 et

1933 4103 2093 4158 domo
2140 4113 2352 4159 utentes
2398 4105 2578 4173 jaecnt
2622 4108 2858 4160 nonnulli
2887 4109 3034 4173 nudi,
3090 4108 3302 4179 frigore,
3335 4111 3522 4164 morbo

1932 4195 2175 4265 fameque
2208 4206 2459 4265 perpetua
2510 4195 2729 4258 obsessi,
2784 4190 3109 4269 aspectuque
3154 4200 3269 4254 solo
3307 4216 3370 4255 ac
3412 4212 3519 4257 treo

1913 4304 2085 4343 'more
2105 4291 2346 4357 corporis
2371 4300 2423 4344 et
2449 4292 2623 4345 sonitu
2654 4307 2710 4345 se
2730 4291 3093 4346 coiiidentium
3127 4294 3362 4347 dentium
3388 4311 3516 4365 prte-

1935 4389 2208 4434 tereuntes
2236 4381 2299 4433 ad
2331 4382 2749 4435 miscricordiam
2790 4380 3088 4451 ﬂectentes,
3134 4400 3303 4454 neque
3336 4401 3521 4441 vocem

1933 4475 2201 4540 emittere,
2238 4489 2407 4544 neque
2431 4490 2643 4528 manum
2673 4477 2963 4531 extendere
2994 4481 3252 4544 valentes,
3284 4494 3350 4533 eo
3380 4480 3519 4548 quod

1928 4564 2037 4632 jam
2068 4564 2151 4618 his
2180 4564 2334 4618 malis
2382 4566 2590 4633 penitus
2634 4567 2795 4620 attriti
2841 4576 2983 4621 sunt.
3036 4567 3218 4637 Neque
3265 4570 3521 4622 hactenus

1935 4656 2188 4723 persistas
2218 4656 2397 4719 velim,
2426 4656 2520 4710 sed
2551 4657 2615 4710 ad
2651 4671 2940 4725 pauperum
2967 4657 3343 4721 diversorium,
3376 4659 3517 4729 quod

1934 4757 2057 4803 ante
2094 4748 2276 4801 urbem
2310 4757 2409 4810 est,
2451 4748 2705 4817 egredere
2733 4766 2748 4803 :
2781 4749 3071 4819 perspicies
3109 4751 3344 4819 profecto
3376 4768 3522 4817 etim,

1933 4854 2039 4907 quo
2068 4854 2207 4893 nunc
2228 4839 2503 4905 detineris,
2543 4854 2829 4894 mterorem
2862 4852 3072 4910 portum
3105 4856 3225 4896 esse
3256 4845 3516 4911 tranquil-

1932 4931 2215 4983 lissuuum.
2246 4930 2379 4996 Quid
2404 4931 2544 4986 enim
2575 4930 2752 4985 dicere
2780 4947 2998 4988 necesse
3028 4942 3128 4997 est,
3154 4934 3235 4987 vel
3260 4935 3512 5005 elephan-

1934 5021 2002 5073 tia
2019 5031 2368 5090 consumptos
2389 5021 2638 5087 viros,vel
2662 5037 2857 5076 cancro
2877 5023 3163 5078 mulieres?
3185 5025 3357 5079 Ambo
3379 5028 3520 5080 enim

1935 5114 2020 5168 isti
2055 5113 2225 5167 morbi
2257 5124 2309 5168 et
2340 5115 2478 5183 longi
2509 5125 2633 5168 sunt
2663 5124 2717 5169 et
2761 5116 3083 5171 insanabiles
3112 5135 3124 5169 :
3160 5116 3350 5171 borum
3393 5134 3521 5173 vero

1934 5214 2154 5273 uterque
2180 5220 2315 5274 quos
2333 5206 2691 5273 occupaverit,
2715 5206 2824 5259 suis
2846 5206 3063 5260 urbibus
3083 5207 3523 5279 eliminat,ueque

1935 5296 2124 5349 lavacr'
2160 5312 2273 5359 eos,
2319 5311 2487 5365 neque
2514 5296 2635 5360 fori,
2668 5312 2840 5366 neque
2865 5298 3083 5351 alterius
3121 5300 3416 5368 cujuspiam
3446 5301 3522 5354 in-

1936 5395 2013 5439 tra
2049 5388 2202 5455 pisiti
2237 5387 2336 5441 ioei
2368 5388 2651 5457 participes
2680 5386 2794 5442 ﬁeri
2823 5387 2901 5442 fas
2928 5397 3029 5443 est.
3061 5389 3245 5459 Neque
3270 5390 3411 5446 istud
3432 5409 3521 5445 so-

1935 5480 2042 5533 lum
2070 5480 2319 5533 acerbum
2348 5491 2451 5548 est,
2483 5496 2664 5535 verun‘
2694 5480 2852 5535 etiam
2881 5480 3019 5551 quod
3046 5496 3220 5553 neque
3244 5483 3519 5539 conlidere

1934 5579 2175 5639 possunt,
2226 5571 2526 5626 necessaria
2561 5573 2717 5626 victui
2766 5572 2865 5625 sibi
2914 5588 3018 5626 non
3065 5572 3330 5628 defutura.
3379 5574 3518 5643 Quid

1933 5676 2057 5714 vero
2088 5662 2205 5715 illos
2235 5678 2549 5728 memorem,
2571 5663 2658 5734 qui
2689 5663 2881 5717 frustra
2906 5671 3100 5733 smptus
3131 5679 3193 5719 ac
3220 5665 3335 5721 sine
3356 5681 3513 5722 causa

1934 5755 1997 5807 ad
2032 5755 2239 5812 tnetalia
2284 5756 2516 5811 damnati
2560 5758 2723 5813 sunt?
2751 5756 2951 5828 Nempe
2990 5756 3074 5814 ist‘
3119 5772 3308 5814 omnes
3351 5760 3519 5815 multo
