4264 6312
775 362 963 426 4918.
1005 363 1196 422 JOAN.
1239 358 1628 418 CHRYSOST.
1665 357 1985 414 ARCIIIEP.
2028 358 2272 415 CONST.
2319 361 2413 417 AD
2455 368 2459 415 1

2382 361 2413 415 ι)
2455 361 2834 418 STAGIRIUM
2869 361 2912 414 Α
2953 357 3262 414 ΟΕΜΟΝΕ
3300 357 3663 414 VEXATUSI.
3705 360 3762 413 L.
3811 358 3899 412 Ill.
3941 358 4066 416 ιοῇ

786 476 1030 546 graviore
1050 473 1234 528 dolore
1257 472 1578 533 cruciantur,
1609 482 1764 539 quam
1796 466 1878 537 qui
1908 482 1937 522 ι
1967 466 2206 521 daemone
2233 480 2352 520 cor-

792 567 1072 634 ripiuutur.
1100 562 1154 619 Si
1197 577 1321 617 vero
1363 577 1465 616 non
1497 558 1675 613 credis
1697 598 1712 624 ,
1742 557 1872 611 nihil
1901 557 2217 612 mirumest.
2246 554 2354 610 No.

785 664 894 708 xtra
913 655 1053 707 enim
1077 668 1181 707 non
1205 651 1389 706 eadem
1411 649 1693 711 sententia,
1713 663 1812 716 qua
1835 646 2003 699 aliena
2025 643 2355 700 incommoda

786 741 1020 810 judicare
1048 739 1413 793 consuevimus
1439 754 1451 790 :
1484 751 1602 791 cum
1636 735 1719 788 illa
1749 733 1961 804 quidem
1998 734 2158 787 verbo
2187 732 2356 786 solum

786 841 840 884 et
871 843 1110 900 aspectu,
1159 838 1334 882 nostra
1363 842 1489 882 vero
1517 827 1878 897 experimento
1927 839 1991 878 ac
2030 839 2206 887 sensu,
2237 839 2355 877 cum

789 921 954 972 nostri
1000 921 1230 987 ipsoruru
1272 918 1610 972 miseratione
1647 915 1946 986 conjuncta,
1994 913 2355 967 didicerimus.

789 1015 960 1079 Atque
979 1011 1172 1063 idcirco
1204 1011 1299 1063 ista
1323 1011 1558 1077 graviora
1577 1023 1713 1070 esse,
1739 1007 2015 1074 minusque
2046 1005 2356 1070 tolerabilia,

788 1116 942 1169 quam
969 1102 1051 1153 illa
1075 1099 1584 1153 ceusemusJarnelsi
1610 1096 1758 1151 valde
1789 1096 1918 1149 levia
1944 1105 2065 1148 sunt
2094 1104 2144 1148 et
2169 1095 2358 1148 tolera-

791 1191 932 1244 bilia.
953 1191 1004 1244 Si
1035 1207 1157 1244 vero
1184 1190 1437 1258 quispiam
1466 1189 1531 1241 ab
1555 1189 1798 1242 omnibus
1824 1187 1957 1241 liber
1983 1187 2190 1239 illorum
2211 1196 2360 1238 uatu-

792 1298 902 1336 ram
933 1283 1005 1336 dil
1030 1285 1235 1351 gentins
1264 1281 1585 1344 consideret,
1631 1289 1683 1333 et
1710 1295 1802 1332 eos
1831 1278 1919 1347 qui
1957 1278 2006 1330 in
2041 1278 2126 1330 illa
2159 1275 2357 1330 incide-

791 1379 913 1424 runt
958 1373 1362 1434 animadvertat,
1409 1370 1492 1423 hic
1519 1369 1756 1439 profecto
1785 1368 1937 1424 nobis
1961 1367 2027 1421 de
2058 1365 2357 1435 lmjnsmodi

792 1462 928 1514 feret
977 1461 1331 1529 incorruptam
1369 1459 1702 1512 sententiam.
1735 1457 1838 1512 Sed
1870 1457 2097 1511 fortasse
2124 1456 2360 1511 dicturus

787 1565 869 1617 es,
898 1567 1080 1606 omnes
1126 1552 1244 1605 illos
1285 1552 1495 1605 morbos
1523 1551 1658 1604 circa
1703 1564 1894 1618 corpus
1938 1549 2134 1602 versari
2164 1548 2356 1612 solutn,

791 1641 924 1696 hanc
950 1651 1126 1696 autem
1153 1651 1354 1712 pestem
1389 1642 1552 1710 ipsam
1589 1641 1816 1694 animam
1845 1641 2122 1709 attingere,
2155 1639 2361 1707 illisque

791 1733 1036 1786 omnibus
1062 1747 1179 1786 esse
1208 1732 1475 1786 ditiorem.
1502 1731 1697 1801 Nempe
1723 1733 1819 1784 hoc
1848 1731 1960 1800 ipso
1985 1730 2223 1799 inprimis
2243 1745 2360 1784 eam

792 1825 1115 1878 inveniemus
1145 1824 1248 1879 illis
1282 1825 1526 1878 omnibus
1553 1841 1670 1878 esse
1701 1825 1969 1878 leviorem.
2001 1824 2183 1892 Neque
2216 1824 2356 1878 enim

793 1917 903 1969 hare
933 1925 987 1969 ut
1009 1917 1081 1970 illi
1104 1932 1295 1986 corpus
1317 1918 1626 1985 corrurupit,
1652 1917 1743 1971 sed
1767 1916 1935 1970 solum
1959 1917 2187 1969 animam
2212 1915 2356 1968 brevi

793 2016 1029 2075 tempore
1049 2008 1277 2075 exagitat
1303 2025 1316 2061 :
1339 2017 1586 2061 cmterum
1613 2009 1683 2061 illi
1707 2009 1804 2076 ipsi
1833 2007 2023 2074 morbi,
2050 2022 2182 2076 quos
2205 2007 2362 2060 ruodo

793 2099 1207 2163 uumcravimus,
1263 2115 1382 2152 cum
1412 2100 1461 2152 irt
1493 2114 1651 2153 carne
1675 2101 1974 2169 gignantur,
2003 2115 2117 2152 eam
2149 2114 2360 2152 omnem

793 2200 992 2256 pestem
1024 2205 1125 2243 non
1157 2199 1376 2243 eatenus
1405 2191 1618 2254 sistunt,
1658 2207 1837 2243 verum
1868 2190 1929 2243 ad
1961 2191 2186 2242 animam
2211 2194 2363 2242 emit-

795 2288 929 2344 tunt,
962 2288 1266 2348 torquentes
1296 2279 1436 2332 illam
1459 2279 1673 2350 jugiter,
1717 2289 1769 2332 et
1799 2295 1889 2348 per
1915 2279 2113 2333 doloris
2144 2295 2205 2332 ac
2232 2293 2362 2333 mte—

796 2371 932 2436 roris
979 2371 1192 2424 aculeos
1233 2383 1652 2439 corrumpentcs.
1691 2371 1757 2426 Ut
1801 2373 1951 2436 enim,
1997 2372 2181 2440 inquit,
2211 2371 2364 2424 ulceri

793 2471 988 2513 acetum
1041 2461 1240 2514 minimc
1280 2464 1525 2526 convenit,
1557 2463 1624 2513 ita
1654 2473 1699 2516 et
1747 2463 1942 2516 morbus
1986 2464 2035 2514 in
2072 2479 2254 2530 corpus
2282 2463 2362 2514 in-

794 2543 956 2602 rec'tns
982 2551 1235 2620 perturbat
1271 2568 1355 2604 cor
1387 2551 1561 2623 (Prov.
1593 2553 1678 2606 ‘25.
1714 2553 1802 2620 20)
1853 2552 1964 2605 Non
1999 2553 2154 2621 igitur
2182 2552 2231 2604 id
2272 2566 2361 2604 so-

793 2639 897 2692 lum
929 2639 1146 2705 dixeris,
1182 2641 1276 2694 hos
1303 2651 1502 2694 tantum
1539 2642 1678 2712 gigni
1722 2658 1784 2695 ex
1817 2658 2060 2710 corpore,
2105 2642 2198 2695 sed
2240 2641 2363 2695 illud

795 2732 967 2798 potius
989 2731 1229 2796 ostende,
1251 2746 1354 2800 quo
1378 2741 1529 2802 pacto
1548 2743 1747 2802 pestem
1767 2747 1978 2786 onmem
2003 2742 2055 2785 et
2074 2731 2368 2799 corruptio-

793 2809 914 2875 nem
947 2821 1010 2873 ad
1039 2823 1266 2875 animam
1299 2820 1656 2876 non'mittant.
1680 2822 1883 2892 Quippe
1907 2835 1957 2875 et
1991 2823 2152 2890 pestis
2186 2823 2200 2852 ³
2245 2836 2366 2875 cum

793 2928 899 2967 non
927 2913 1172 2983 gignatur
1199 2929 1262 2967 ex
1291 2914 1622 2985 corporibus,
1659 2914 1947 2981 corrumpit
1975 2923 2028 2966 et
2057 2913 2227 2982 perdit
2249 2927 2368 2965 cor-

795 3018 944 3071 pora,
975 3005 1223 3075 virusque
1251 3013 1579 3072 serpentum,
1608 3019 1726 3058 cum
1756 3018 1823 3057 ex
1849 3005 1927 3056 eis
1961 3004 2199 3072 prodeat,
2242 3017 2365 3069 per-

793 3094 870 3147 dit
900 3094 1024 3148 item
1071 3109 1166 3148 nos
1193 3111 1203 3147 :
1254 3095 1325 3148 ita
1355 3103 1407 3148 et
1449 3095 1499 3148 iu
1529 3093 1612 3147 his
1646 3094 1846 3147 morbis
1896 3093 2232 3146 sentiendum
2263 3103 2363 3157 est,

794 3187 882 3255 qui
911 3202 1030 3240 eum
1058 3188 1340 3256 gignantur
1365 3201 1433 3239 ex
1459 3200 1705 3254 corpore,
1726 3185 1937 3238 malitize
1963 3199 2072 3238 suae
2094 3198 2295 3236 venena
2317 3184 2365 3236 in

794 3278 1024 3331 animam
1057 3287 1292 3330 nostram
1323 3274 1717 3329 transfunduut.
1743 3273 1898 3330 Omni
1929 3289 2153 3343 namque
2182 3275 2366 3327 obses-

795 3369 944 3422 sione
974 3367 1233 3421 diabolica
1267 3366 1531 3436 potentior
1559 3376 1640 3421 est
1682 3366 1746 3420 ad
1775 3365 2070 3420 nocendnru
2119 3366 2364 3419 maeroris

797 3458 1120 3529 magnitudo.
1163 3457 1399 3527 Namque
1424 3467 1477 3511 et
1502 3459 1708 3510 dtemou
1740 3471 2100 3526 quoscumque
2131 3463 2364 3524 superat,

797 3567 890 3620 per
917 3565 1201 3604 mmrorem
1234 3557 1448 3618 superat
1483 3565 1498 3601 :
1532 3563 1653 3602 eum
1682 3550 1723 3601 si
1751 3548 1980 3611 auferas,
2028 3547 2155 3600 nihil
2193 3564 2219 3599 a
2262 3548 2370 3600 «ιω.

801 3657 959 3695 mone
1001 3643 1278 3711 quisquam
1310 3641 1426 3695 laedi
1471 3644 1681 3710 poterit.
1710 3641 1776 3694 Et
1805 3641 2092 3709 quomodo,
2140 3641 2366 3711 inquies,

796 3736 909 3789 fieri
940 3744 1130 3804 potest,
1185 3743 1240 3787 ut
1269 3749 1500 3788 mterore
1527 3734 1743 3788 vacem?
1773 3733 1884 3800 Ego
1915 3743 2098 3786 contra
2131 3745 2180 3787 te
2208 3734 2370 3787 inter-

798 3827 1015 3894 rogabo,
1037 3825 1159 3893 quid
1181 3839 1353 3878 causa:
1378 3835 1459 3878 est
1485 3825 1624 3894 quod
1653 3839 1754 3876 non
1786 3824 1940 3878 liceat
1961 3839 1989 3876 a
2019 3839 2250 3878 tnmrore
2279 3840 2369 3876 va-

795 3932 940 3970 care.
971 3916 1100 3968 Nam
1148 3917 1190 3969 si
1235 3916 1573 3980 adulterium,
1626 3918 1670 3969 si
1715 3915 2076 3980 homicidium,
2109 3916 2159 3968 si'
2195 3916 2370 3969 scelus

797 4006 1008 4076 aliquod
1037 4006 1335 4075 lmjnsmodi
1367 4018 1749 4075 perpelrasses,
1791 4006 1930 4076 quod
1963 4016 2013 4060 te
2060 4021 2223 4076 regno
2262 4022 2368 4060 ca:-

800 4099 916 4151 lesti
946 4098 1272 4162 excluderet,
1303 4108 1444 4152 recte
1471 4113 1726 4152 maereres
1757 4113 1818 4151 ac
1849 4098 2058 4168 lugeres
2089 4098 2370 4167 nullusque

794 4199 847 4241 te
874 4189 1176 4257 prohiberet
1201 4206 1213 4241 :
1239 4189 1376 4258 quod
1402 4189 1443 4241 si
1470 4205 1561 4257 per
1581 4189 1902 4257 Deigratiam
1933 4188 1998 4240 ab
2024 4188 2104 4240 his
2127 4187 2371 4241 omnibus

805 4280 1106 4350 longissime
1130 4291 1363 4333 remotus
1393 4280 1599 4348 es,quid
1631 4280 1820 4332 frustra
1852 4280 2072 4348 teipsum
2098 4279 2370 4332 concidis?

875 4373 960 4425 14.
996 4369 1095 4423 Cur
1121 4387 1378 4423 mwrorem
1407 4368 1541 4422 Deus
1570 4379 1753 4422 nostra:
1782 4378 1979 4422 natura
2003 4369 2283 4437 inseruerit.
2301 4396 2372 4408 —

801 4462 1082 4516 licerorcm
1119 4477 1326 4532 quoque
1360 4461 1498 4515 Deus
1549 4461 1771 4513 inseruit
1815 4465 2016 4513 natura:
2047 4458 2366 4522 mortalium,

801 4569 908 4605 non
928 4565 984 4608 ut
1003 4554 1095 4606 abs
1123 4568 1179 4605 re
1206 4562 1258 4605 et
1308 4551 1672 4619 intempestive
1700 4550 1788 4604 illo
1817 4550 1869 4603 in
1896 4549 2052 4604 rebus
2095 4549 2372 4602 contrariis

803 4655 1030 4700 utantur,
1070 4656 1240 4710 neque
1278 4651 1335 4694 ut
1363 4642 1603 4710 nosipsos
1635 4641 1975 4710 perimantus,
2010 4654 2188 4693 verum
2223 4649 2280 4691 ut
2305 4653 2371 4692 ex

799 4749 865 4784 eo
905 4733 1129 4784 maxima
1161 4732 1512 4785 emolumenta
1549 4745 1951 4799 consequamur.
1983 4729 2222 4796 Quonam
2252 4743 2375 4782 vero

803 4823 960 4875 modo
1023 4823 1107 4876 illa
1149 4823 1574 4892 consequemur?
1627 4822 1682 4876 Si
1730 4822 1876 4875 illum
1930 4822 2240 4891 tempestive
2292 4837 2377 4874 as-

801 4928 1090 4967 sumamus.
1128 4913 1291 4966 Porro
1319 4914 1563 4968 maeroris
1601 4922 1808 4981 tempus
1837 4928 1940 4966 non
1974 4923 2096 4968 tunc
2121 4923 2221 4976 est,
2252 4928 2374 4966 cum

801 5004 996 5073 aliquid
1044 5005 1270 5074 patimur
1306 5006 1534 5070 adversi,
1595 5006 1687 5060 sed
1726 5021 1848 5060 cum
1888 5006 2025 5061 male
2069 5023 2371 5074 operanmr.

804 5096 870 5146 .‘tt
900 5111 1024 5148 vero
1053 5109 1149 5149 nos
1169 5096 1406 5149 ordinem
1429 5099 1799 5165 pervertimus,
1825 5108 2168 5167 temporaque
2195 5099 2377 5151 immu-

800 5187 1050 5251 (av-imus,
1092 5187 1180 5254 qui
1218 5202 1337 5240 eum
1382 5187 1656 5242 innumera
1700 5188 1836 5240 mala
1873 5199 2260 5258 perpetremus.
2311 5203 2376 5242 uc

803 5277 1036 5330 breviter
1075 5279 1286 5346 quidem
1316 5278 1501 5334 dolore
1524 5278 1886 5332 contrahirnur
1914 5296 1925 5331 :
1959 5280 2038 5333 sin
2067 5294 2193 5333 vero
2220 5280 2375 5349 quip-

806 5368 943 5434 piam
971 5385 999 5421 a
1019 5384 1279 5438 quoquam
1309 5371 1570 5438 patiamur
1591 5370 1735 5435 ntali,
1770 5371 2006 5438 protinus
2022 5370 2374 5435 concidimus,

806 5458 1087 5524 ira-remus,
1126 5459 1438 5529 liberarique
1464 5472 1514 5515 et
1540 5459 1727 5515 cedere
1750 5477 1813 5514 ex
1845 5461 1946 5513 vita
1973 5460 2305 5516 festinamus.

875 5551 1061 5604 Gravis
1098 5551 1252 5620 igitur
1281 5563 1334 5607 et
1361 5568 1584 5607 onerosa
1625 5569 1686 5607 ea
1717 5569 1800 5607 res
1827 5554 2049 5617 videtur,
2093 5570 2195 5607 non
2227 5570 2380 5608 secus

807 5655 960 5709 quam
996 5641 1260 5696 iracundia
1287 5653 1338 5696 et
1359 5644 1803 5712 concupiscentia.
1825 5643 1953 5696 Nam
1990 5652 2042 5698 et
2059 5643 2171 5699 haec
2187 5643 2378 5698 damna

871 5755 886 5784 ‘
925 5756 994 5802 sic
1017 5752 1240 5816 plerique
1262 5761 1364 5804 Mss.
1386 5762 1432 5803 In
1448 5763 1515 5811 8.,
1538 5758 1704 5817 (tones,
1733 5759 1886 5805 minus
1912 5766 2064 5806 recte.

2465 465 2812 534 importarunt
2835 463 2889 527 ii,
2912 463 3001 533 qui
3020 463 3080 518 iis
3107 478 3211 518 non
3233 472 3378 519 recte
3409 479 3578 534 neque
3606 473 3904 533 opportune
3920 475 4058 521 sunt.

2464 555 2565 607 usi.
2597 552 2969 622 Contingitque
2999 551 3137 607 idem
3164 553 3304 624 quod
3336 553 3387 606 in
3415 553 3835 619 medicamentis,
3867 570 3988 624 qua:
4013 572 4061 608 s-

2464 643 2683 699 medieis
2717 643 3034 698 traduntur:
3077 644 3274 714 quippe
3310 653 3365 698 et
3394 644 3480 698 illa
3514 644 3556 699 si
3589 659 3823 702 nonsuo
3851 644 4046 700 ordine

2464 748 2516 790 et
2544 746 2800 804 tempore,
2841 750 2903 789 ac
2942 750 3039 806 pro
3067 735 3255 806 quibus
3289 735 3488 789 morbis
3527 744 3704 805 parata
3750 745 3896 802 sunt,
3945 735 4045 790 sed

2465 843 2560 896 pro
2581 827 2695 880 aliis
2718 827 3052 895 imponantur
3067 827 3189 890 alia,
3213 840 3316 879 non
3341 825 3511 879 solum
3535 825 3774 880 infirmos
3791 825 4047 895 languore

2465 930 2570 967 non
2615 914 2859 978 liberant,
2892 914 2983 968 sed
3021 914 3378 968 inﬁrmitatem
3403 913 3576 981 potius
3599 923 3888 984 aggravant
3923 932 3935 967 :
3971 915 4045 969 ita

2466 1021 2681 1075 prorsus
2727 1017 2782 1060 et
2825 1021 3023 1062 matror
3064 1007 3206 1071 facit,
3246 1022 3307 1061 ac
3347 1007 3538 1062 merito
3563 1022 3710 1062 sane.
3759 1007 3891 1061 Nam
3921 1023 4054 1061 cum

2465 1107 2729 1150 austerum
2759 1099 2829 1151 sit
2853 1098 3244 1167 corrodensque
3275 1098 3736 1164 medicamentum,
3773 1106 3952 1167 atque,
3987 1107 4048 1151 ut

2466 1187 2532 1239 ita
2562 1186 2807 1252 dixerim,
2843 1187 3087 1241 vitiorum
3123 1203 3241 1257 qua:
3275 1190 3325 1241 in
3353 1189 3507 1242 nobis
3539 1201 3665 1242 sunt
3701 1190 3965 1259 purgatio,
4001 1190 4048 1240 si

2465 1277 2808 1330 admoveatur
2830 1277 3002 1330 otioso
3024 1292 3086 1331 ac
3111 1277 3338 1331 delicato
3362 1278 3561 1342 animo,
3586 1277 3890 1346 ingentique
3921 1292 4052 1345 pec-

2465 1377 2702 1420 calorum
2731 1368 2962 1435 pondere
2989 1383 3264 1436 oppresso,
3297 1369 3579 1421 maximam
3611 1368 3685 1422 illi
3724 1367 3912 1422 afferet
3945 1371 4052 1421 uti-

2465 1457 2665 1512 litatem
2695 1474 2708 1510 :
2738 1458 2817 1511 sin
2849 1469 3025 1512 autem
3052 1460 3228 1512 animo
3252 1458 3562 1521 decertanti,
3582 1459 3877 1522 dimicanti,
3902 1460 4052 1513 labo-

2467 1550 2613 1604 ribus
2654 1551 2907 1616 exercito,
2955 1550 3096 1604 curis
3127 1565 3402 1619 oppresso,
3449 1560 3503 1604 et
3531 1551 3753 1619 plurima
3790 1565 4062 1621 perpesso.

2465 1641 2796 1708 adhibeatur,
2829 1650 3178 1713 prmterquam
3204 1641 3344 1711 quod
3373 1641 3502 1695 nihil
3537 1642 3771 1710 prodest,
3817 1642 4062 1694 maxime

2467 1744 2643 1800 nocet,
2692 1734 3089 1789 imbecilliorem
3135 1735 3278 1788 illum
3323 1733 3518 1788 faciens
3547 1744 3704 1804 atque
3743 1745 4054 1803 expugnata

2469 1824 2697 1879 facilem.
2747 1825 3002 1892 Quocirca
3049 1825 3310 1878 stantibus
3363 1835 3417 1879 et
3454 1827 3649 1879 acriter
3691 1824 4053 1894 pugnantibus

2471 1915 2660 1970 Paulus
2708 1930 2826 1969 eum
2873 1915 3150 1977 scriberet,
3189 1915 3439 1969 dicebat:
3474 1915 3700 1968 Gaudete
3737 1915 3787 1968 in
3833 1913 4070 1972 Domino,

2464 2024 2702 2077 semper;
2737 2010 2916 2062 iterum
2940 2010 3068 2073 dico,
3111 2009 3326 2079 gaudete
3355 2008 3517 2080 (Phil.
3549 2009 3601 2063 4.
3628 2007 3703 2080 4).
3735 2008 3902 2062 Porro
3937 2007 4054 2060 dis-

2466 2101 2653 2153 solutis
2674 2100 3046 2171 ingentemque
3083 2101 3400 2156 habentibus
3427 2111 3704 2166 tumorern,
3738 2099 3804 2154 Et
3832 2117 3935 2165 vos,
3971 2102 4056 2153 in-

2465 2191 2599 2258 quit,
2626 2189 2792 2260 inﬂuti
2817 2193 2973 2255 estis;
3001 2203 3047 2244 et
3073 2209 3171 2244 non
3205 2194 3369 2260 potius
3393 2193 3598 2260 ﬂevistis
3629 2189 3839 2262 (LCor.
3869 2192 3922 2244 5.
3953 2190 4010 2258 2)
4033 2191 4057 2240 ?

2471 2281 2649 2350 Itaque
2669 2283 2711 2334 is
2737 2283 2952 2351 quidem
2979 2284 3067 2352 qui
3097 2292 3433 2350 peccatorum
3463 2283 3643 2349 sagina
3668 2283 4053 2350 irupiuguatur,

2467 2381 2784 2425 extenuetur
2822 2389 2884 2426 ac
2924 2374 3147 2426 siccetur
3192 2373 3291 2426 hoc
3335 2364 3721 2426 medicamento
3753 2389 3766 2424 :
3808 2373 3898 2441 qui
3928 2387 4060 2426 vero

2470 2462 2621 2515 bona:
2645 2462 2966 2516 habitudinis
2997 2473 3098 2527 est,
3131 2473 3289 2532 atque
3319 2463 3370 2516 in
3413 2464 3620 2517 decenti
3654 2473 3790 2516 statu
3817 2463 4056 2534 seipsum

2469 2563 2663 2614 servat,
2721 2553 2843 2621 quid
2897 2563 2976 2606 est
3025 2569 3231 2619 causm,
3280 2568 3374 2606 cur
3403 2570 3494 2621 per
3530 2569 3812 2614 maerorem
3855 2553 4076 2607 bonam.

2471 2658 2619 2695 suam
2667 2643 3018 2696 Valetudinem
3067 2645 3414 2711 eorrumpat?
3463 2643 3609 2697 Adeo
3647 2653 3730 2697 est
3772 2644 3915 2696 enim
3967 2643 4076 2698 ille-

2473 2749 2596 2785 acer
2626 2742 2784 2802 atque
2809 2733 3020 2797 efficax,
3062 2745 3116 2786 ut
3143 2735 3300 2787 etiam
3327 2749 3430 2802 ope
3468 2749 3560 2786 sua
3590 2733 3979 2803 indigentibus,
4011 2736 4061 2787 si

2473 2825 2589 2892 plus
2617 2825 2867 2891 temporis
2897 2840 3052 2893 quam
3083 2840 3303 2878 necesse
3331 2827 3398 2878 sit
3433 2826 3768 2888 irumoretur,
3793 2825 4058 2881 maximo-

2471 2929 2586 2968 rum
2613 2914 2870 2967 malorum
2910 2929 3069 2967 causa
3096 2915 3183 2966 sit.
3215 2915 3366 2981 Quod
3416 2922 3468 2967 et
3495 2913 3680 2968 beatus
3723 2913 3918 2968 Paulus
3947 2929 4063 2968 me-

2473 3014 2626 3059 tuens
2657 3007 2761 3058 cito
2803 3007 2971 3069 illum,
3005 3017 3283 3074 postquam
3330 3006 3527 3061 fecerat
3566 3006 3705 3076 quod
3736 3022 3888 3060 suum
3919 3017 4052 3071 erat,

2471 3097 2664 3150 auferri
2690 3097 2868 3164 jussit,
2910 3111 3232 3166 causamque
3271 3099 3464 3166 adjecit
3494 3114 3608 3152 eam
3645 3119 3656 3153 :
3687 3097 3769 3152 Ne
3795 3101 3945 3169 forte,
3981 3101 4049 3153 in-

2470 3189 2602 3255 quit,
2632 3188 2990 3240 abundantiori
3028 3187 3231 3242 tristitia
3273 3189 3592 3242 absorbeatur
3630 3189 3706 3259 (2.
3735 3188 3852 3243 Cor.
3881 3189 3937 3243 Ξ.
3970 3191 4052 3255 7).

2480 3278 2644 3331 Porro
2696 3279 2738 3331 si
2795 3279 2988 3332 nimius
3024 3294 3224 3334 mwror
3277 3282 3502 3343 irruens,
3537 3295 3630 3335 eos
3661 3281 3820 3334 etiam
3865 3282 4064 3348 quibus

2478 3378 2592 3422 crat
2622 3370 2974 3433 necessarius,
2998 3371 3191 3438 sa‘pius
3218 3370 3462 3438 perdidit,
3487 3370 3608 3438 quid
3633 3371 3737 3424 illis
3758 3370 3938 3435 faciet,
3969 3373 4070 3438 qui

2473 3473 2592 3511 cum
2639 3473 2744 3511 non
2785 3457 3074 3527 indigeant,
3117 3468 3305 3528 sponte
3346 3460 3490 3511 illum
3529 3461 3628 3512 sibi
3672 3460 4060 3513 consciscunt?

2477 3549 2547 3600 lta
2576 3564 2722 3610 sane,
2759 3549 2981 3616 inquies,
3035 3551 3154 3602 novi
3195 3552 3293 3602 hoc
3323 3559 3375 3602 et
3417 3550 3569 3617 ipse:
3611 3550 3705 3604 sed
3747 3566 3852 3619 quo
3901 3563 4059 3619 pacto

2475 3637 2621 3690 illum
2680 3639 2980 3701 excludam,
3033 3650 3190 3708 atque
3238 3639 3305 3692 ab
3354 3641 3526 3692 anima
3583 3655 3699 3693 mea
3755 3657 4057 3706 amoveam,

2475 3729 2674 3782 nescio.
2707 3730 2768 3782 Et
2795 3731 2946 3798 Cujus
2977 3729 3075 3782 hoc
3104 3730 3452 3795 difﬁcultatis,
3477 3731 3878 3786 amantissime?
3923 3731 4057 3785 Nam

2475 3823 2518 3874 si
2546 3822 2973 3890 concupiscentia
3017 3831 3157 3876 esset
3196 3823 3387 3890 aliqua,
3435 3823 3477 3875 si
3523 3839 3807 3892 corporum
3840 3826 4100 3884 insanus.

2474 3925 2644 3976 amor,
2691 3911 2735 3964 si
2780 3911 2949 3964 inanis
2978 3911 3157 3980 gloriae
3187 3914 3444 3982 tyrannis,
3487 3913 3669 3965 vitium
3700 3912 3937 3980 profecto
3963 3930 4053 3968 su-

2479 4011 2662 4068 peratu
2699 3999 3070 4054 difficillimum
3093 4043 3107 4066 ,
3136 4011 3226 4054 aut
3251 4001 3446 4070 aliquid
3478 4004 3930 4070 perturbationum
3963 4005 4062 4058 hu-

2472 4089 2787 4159 juscemodi,
2814 4090 3003 4144 rnerito
3031 4106 3178 4146 esses
3201 4091 3266 4144 de
3283 4091 3585 4162 lmjnsmodi
3611 4093 3920 4148 liberatione
3945 4096 4058 4150 sol-

2479 4180 2671 4234 licitus.
2719 4181 2824 4234 Eos
2857 4181 2998 4234 enim
3048 4183 3134 4249 qui
3177 4182 3262 4235 bis
3298 4184 3436 4251 capti
3476 4183 3684 4238 fuerunt
3709 4201 3812 4238 non
3841 4185 4060 4253 quidem

2475 4282 2556 4325 est
2583 4272 2926 4339 impossibile,
2955 4271 3319 4326 difﬁcillimum
3353 4285 3525 4326 tamen
3543 4289 3605 4328 ea
3625 4275 3754 4327 retia
3775 4275 4058 4344 diffugere.

2478 4363 2582 4416 Cur
2609 4364 2656 4416 id
2679 4363 2700 4416 ?
2740 4363 2871 4430 Quia
2905 4364 3143 4432 voluptas
3174 4364 3237 4417 iis
3264 4375 3579 4433 cooperator
3603 4375 3758 4434 atque
3788 4365 3876 4419 illa
3904 4369 4060 4436 adju-

2478 4463 2584 4506 vat.
2633 4453 2704 4506 Ea
2734 4470 2859 4507 vero
2887 4465 2987 4521 est,
3029 4471 3147 4525 qua:
3195 4457 3360 4510 semel
3408 4459 3575 4525 captis
3611 4458 3762 4513 funes
3804 4459 4077 4527 plurimos-

2480 4545 2717 4611 innectit,
2761 4547 3000 4615 istudquc
3049 4547 3274 4616 primum
3319 4547 3644 4602 difficultatis
3692 4550 4068 4618 plenissimum

2479 4649 2579 4700 est,
2603 4639 2917 4706 persuadere
2944 4644 3121 4693 animo
3147 4643 3221 4694 sic
3246 4642 3470 4706 irretito,
3501 4650 3556 4694 ut
3585 4642 3738 4711 plane
3765 4657 3826 4695 ae
3854 4645 4069 4712 penitus

2482 4729 2606 4782 velit
2648 4745 2708 4783 ac
2751 4731 2928 4797 cupiat
2969 4730 3112 4784 hisce
3161 4731 3311 4783 nodis
3349 4731 3560 4783 liberari
3595 4749 3607 4782 :
3656 4733 3815 4801 fitque
3857 4735 4068 4788 similli-

2482 4838 2645 4887 mum,
2679 4823 2837 4875 veluti
2861 4823 2904 4876 si
2942 4824 3060 4891 quis
3087 4823 3317 4876 scabiem
3344 4838 3405 4876 ac
3437 4825 3756 4892 pruriginem
3787 4825 4065 4894 depositu-

2482 4930 2570 4969 rus
2601 4914 2784 4968 morbo
2815 4929 2911 4968 suo
2937 4913 3248 4975 delectetur,
3294 4923 3347 4967 et
3373 4915 3423 4968 in
3452 4915 3695 4969 eumdem
3742 4915 3914 4984 ipsum
3947 4933 4067 4971 sese

2483 5004 2696 5074 injiciat.
2734 5004 2993 5058 Caeterum
3044 5003 3110 5058 ad
3151 5004 3485 5074 etfugandum
3531 5021 3815 5060 maerorem
3866 5007 3916 5060 id
3961 5024 4082 5062 non.

2483 5112 2666 5165 parum
2695 5097 2918 5162 cenfert,
2952 5097 2992 5149 si
3036 5096 3244 5149 interim
3277 5097 3482 5166 ingrate
3513 5098 3654 5151 illum
3699 5098 4061 5152 atlmittamus.

2482 5187 2612 5241 Nam
2641 5187 2728 5256 qui
2761 5203 2817 5240 re
2841 5187 3011 5256 aliqua
3040 5197 3306 5255 gravatur,
3335 5188 3441 5241 cito
3472 5189 3611 5240 illam
3634 5189 3702 5242 ab
3727 5204 3785 5243 se
3813 5202 4069 5244 excutere.

2484 5279 2729 5332 studebit.
2772 5278 2905 5344 Quid
2933 5294 3079 5346 ergo,
3110 5279 3153 5332 si
3175 5279 3293 5347 quis
3319 5293 3433 5332 eam
3453 5279 3518 5331 ab
3544 5294 3602 5332 se
3620 5279 3817 5348 ejicere
3837 5281 4064 5345 studeat,

2489 5384 2584 5421 nec
2617 5369 2817 5436 possit?
2839 5368 2950 5421 Non
2974 5368 3209 5422 remittat
3238 5369 3489 5431 studium,
3520 5378 3572 5422 et
3596 5369 3702 5422 cito
3731 5372 3945 5438 poterit.
3967 5371 4070 5425 Co-

2485 5459 2588 5526 gita
2651 5459 2790 5511 enim
2855 5458 3244 5525 Christianum,
3290 5460 3332 5512 si
3373 5459 3586 5528 quando
3628 5462 3890 5528 tristetur,
3940 5463 4072 5517 duas

2489 5556 2688 5601 tantum
2733 5548 2902 5616 justas
2926 5549 3122 5602 habere
3152 5551 3397 5604 maeroris
3427 5566 3633 5615 causas,
3677 5553 3756 5606 vel
3782 5569 3903 5606 cum
3937 5553 4072 5623 ipse,

2493 5641 2571 5691 vel
2598 5656 2714 5692 cttrn
2749 5641 3021 5709 proximus
3049 5641 3268 5693 offendit
3308 5643 3470 5696 Demn
3494 5659 3506 5694 :
3537 5659 3655 5696 cum
3683 5659 3814 5696 vero
3842 5661 4075 5711 prreseus

2493 5745 2689 5783 rnuvror
2733 5740 2851 5783 tuus
2899 5733 3092 5786 nullam
3121 5731 3422 5801 hujusmodi
3459 5749 3798 5789 occasionum
3843 5737 4071 5790 radicem
