4264 6312
211 350 306 409 191

204 469 425 522 νώντων
485 466 583 538 τὴν
635 466 828 537 ὀδύνην
860 464 1096 537 ἔχουσιν.
1151 464 1225 527 Et,
1252 463 1309 518 δὲ
1349 464 1623 525 ἀπιστεῖς,
1646 459 1799 514 οὐδὲν

207 563 550 633 θαυμαστόν.
569 563 645 616 Οὐ
673 562 782 634 γὰρ
808 564 875 632 τῇ
918 561 1055 632 αὐτῇ
1087 543 1283 632 γνώμῃ
1312 558 1383 613 τά
1411 577 1471 612 τε
1506 559 1683 610 οίκεῖα
1708 554 1803 609 καὶ

207 657 279 709 τά
310 655 567 727 ἀλλότρια
592 655 799 725 κρίνειν
830 653 1101 724 εἰώθαμεν
1130 653 1296 714 κακὰ,
1330 651 1441 705 ἀλλ’
1485 653 1666 705 ἐκεῖνα
1706 650 1802 719 μὲν

208 746 356 819 λόγῳ
418 748 513 803 καὶ
561 747 680 817 ὄψει
724 747 885 818 μόνον
937 730 1218 818 μαθόντες,
1247 745 1422 800 ταῦτα
1451 744 1506 797 δὲ
1540 748 1604 812 τῇ
1635 743 1803 812 πείρᾳ

209 843 305 894 καὶ
350 846 417 913 τῇ
465 842 716 912 αίσθήσει
746 843 839 896 καὶ
870 844 1007 913 μετά
1031 842 1133 911 τῆς
1162 840 1509 912 συμπαθείας
1542 838 1641 909 τῆς
1673 839 1797 891 ἐαυ-

207 931 320 985 τῶν
341 951 354 964 ⁸
374 933 563 1004 διόπερ
593 932 733 987 αὐτά
763 933 1141 1005 ἀφορητότερα
1170 929 1310 987 εἶναι
1334 932 1559 985 ἐκείνων
1584 926 1804 1000 νομίζο-

212 1042 337 1094 μεν,
382 1024 533 1096 [294]
565 1023 669 1078 κᾶν
696 1021 872 1099 λίανῇ
921 1024 1100 1095 κοῦφα
1141 1025 1236 1078 καὶ
1270 1022 1503 1093 φορητά.
1542 1021 1605 1075 El
1634 1019 1690 1073 δέ
1721 1036 1805 1082 τις

206 1116 417 1170 τούτων
453 1118 673 1171 πάντων
707 1117 1044 1186 ἀπαλλαγεὶς
1080 1118 1181 1187 τήν
1219 1133 1279 1169 τε
1310 1114 1474 1185 φύσιν
1506 1114 1685 1168 αὐτῶν
1708 1130 1807 1167 κα-

206 1209 482 1280 ταμάθοι,
534 1209 660 1275 τούς
707 1228 765 1264 τε
816 1210 1158 1279 ἐμπεσόντας
1203 1211 1388 1272 αὐτοῖς
1429 1206 1803 1277 διασκέψαιτο,

207 1294 368 1365 οὗτος
407 1301 704 1356 ἀδέκαστον
739 1303 877 1371 ὑπὲρ
906 1302 1111 1358 τούτων
1138 1302 1277 1356 οἴσει
1319 1304 1419 1375 τὴν
1444 1300 1623 1371 ψῆφον
1648 1303 1802 1372 ἡμῖν.

221 1394 366 1446 Ἀλλε
391 1395 521 1457 ἴσως
543 1397 721 1448 ἐκεῖνο
741 1396 1001 1467 ἐρεί;,ὂτι
1020 1395 1197 1449 πάντα
1227 1384 1325 1465 μὲν
1351 1396 1534 1448 ἐκεῖνα
1567 1393 1635 1448 τά
1657 1393 1805 1463 πάθη

208 1488 340 1556 περὶ
387 1486 447 1539 τὸ
496 1486 654 1556 σῶμα
688 1487 978 1559 στρέφεται
1020 1488 1200 1559 μόνον,
1247 1486 1387 1559 αὕτη
1416 1486 1471 1540 δὲ
1502 1486 1602 1558 τῆς
1626 1486 1804 1558 ψυχῆς

208 1577 445 1630 ἅπτεται
469 1579 689 1649 ήνόσος,
716 1581 808 1633 καὶ
831 1580 1036 1633 τούτων
1055 1582 1272 1635 πάντων
1289 1579 1405 1634 ἐστὶ
1421 1579 1803 1651 χαλεπωτέρα.

209 1669 370 1737 Αὐτῇ
393 1667 597 1740 μὲνοῦν
614 1671 789 1742 τούτῳ
811 1673 1044 1742 μάλιστα
1062 1674 1233 1745 αὐτὴν
1249 1674 1560 1744 εὑρήσομεν
1585 1670 1808 1726 ἐκείνων

209 1759 549 1830 κουφοτέραν
577 1762 971 1829 τυγχάνουσαν.
994 1762 1141 1833 Λῦτη
1165 1762 1265 1831 μὲν
1294 1761 1404 1833 γὰρ
1435 1762 1555 1815 οὐδὲ
1575 1761 1635 1813 16
1647 1760 1807 1833 σῶμα

206 1846 540 1923 διαφθείρει,
562 1848 814 1921 καθάπερ
846 1852 1074 1916 ἐκεῖναι,
1099 1852 1191 1905 καὶ
1219 1854 1285 1922 τῇ
1318 1851 1465 1922 ψυχῇ
1497 1850 1636 1921 πρὸς
1672 1849 1807 1920 βρα-

213 1940 315 2009 χὺν
381 1940 593 2010 ἐνοχλεῖ
642 1932 881 2013 χρόνον(
910 1942 976 2006 ἀς
1034 1944 1090 1996 δὲ
1140 1942 1653 2015 ἀπηριθμησάμεθα
1688 1942 1804 2007 νῦν,

210 2030 441 2098 φύονται
490 2032 588 2104 μὲν
641 2036 698 2086 ἐν
739 2038 806 2106 τῇ
844 2036 1028 2106 σαρκὶ,
1066 2036 1163 2106 τὴν
1189 2035 1243 2088 δὲ
1275 2034 1456 2107 λύμην
1495 2035 1714 2089 ἅπασαν
1745 2035 1807 2088 οὐ

217 2124 415 2194 μέχρις
472 2125 690 2197 ἐκείνης
743 2125 1177 2189 ἱστῶσιν,ιάλλά
1225 2125 1320 2180 καὶ
1369 2127 1462 2180 ἐπὶ
1498 2126 1596 2198 τὴν
1628 2125 1809 2198 ψυχὴν

211 2217 673 2287 παραπέμπουσι,
709 2218 1066 2289 στρεϐλοῦσαι
1098 2218 1267 2290 αὐτὴν
1308 2220 1547 2290 συνεχῶς
1578 2220 1674 2274 καὶ
1699 2220 1811 2273 δια-

207 2306 538 2379 φθείρουσαι
571 2309 661 2364 διά
691 2311 789 2381 τῆς
827 2310 1019 2381 ὀδύνης
1049 2311 1258 2382 καὶτῆς
1291 2310 1531 2381 ἀθυμίας
1559 2314 1660 2382 τῆς
1681 2310 1811 2379 πολ-

208 2402 330 2471 λῆς.
374 2402 602 2471 Ὥσπερ
641 2403 771 2474 γάρ,
806 2406 993 2475 φησὶν,
1051 2406 1193 2471 ὄξος
1217 2404 1384 2460 ἕλκει
1427 2406 1806 2475 ἀσύμφορον,

208 2494 365 2547 οὕτω
393 2496 752 2563 προσπεσὸν--
768 2496 960 2565 mmor;
980 2500 1048 2552 ἐν
1071 2498 1298 2568 σώματι
1324 2498 1578 2567 καρδίαν
1602 2500 1804 2554 λυπεῖ.

209 2587 498 2658 Μὴτοίνυν
533 2590 614 2643 ὅτι
643 2591 751 2643 ἀπὸ
788 2591 883 2644 τοῦ
919 2590 1171 2663 σώματος
1202 2591 1371 2645 τοῦτο
1404 2592 1647 2645 τίκτεται
1682 2591 1807 2661 λέγε

214 2681 397 2752 μόνον,
434 2682 546 2735 ἀλλ’
578 2684 624 2735 εἰ
654 2684 728 2754 μὴ
753 2684 1116 2756 παραπέμπει
1143 2681 1241 2755 τὴν
1267 2682 1446 2754 λύμην
1471 2682 1690 2737 ἃπασαν
1714 2683 1809 2737 κα)⁹

205 2772 311 2844 τὴν
356 2770 575 2845 ’φθοράν
618 2778 685 2846 τῇ
733 2775 902 2845 ψυχῇ,
947 2775 1105 2829 τοῦτο
1137 2775 1424 2841 ἐπίδειξον,
1473 2776 1627 2829 Ἐπεὶ
1661 2774 1811 2829 καὶὸ

210 2862 400 2933 λοιμὸς
432 2864 533 2916 οὐκ
564 2864 671 2918 ἀπὸ
698 2864 806 2918 τῶν
842 2866 1111 2936 σωμάτων
1146 2865 1467 2936 τικτόμενος
1496 2864 1711 2938 φθείρει
1740 2867 1812 2919 τὰ

216 2955 472 3026 σώματα,
507 2957 599 3009 καὶ
623 2958 651 3009 6
678 2956 786 3009 τῶν
811 2956 1060 3028 ἑρπετῶν
1094 2956 1171 3020 ίὸς
1201 2957 1419 3029 πρόεισι
1457 2959 1558 3028 μέὴ
1581 2957 1641 3023 ἐξ
1668 2959 1814 3012 ὲκεί-

210 3063 342 3107 νων,
379 3046 705 3117 λυμαίνεται
724 3046 779 3099 δὲ
812 3049 961 3118 ἡμᾶς
991 3060 1016 3087 δ
1034 3064 1046 3077 ·
1071 3046 1212 3099 οὕτω
1230 3048 1324 3100 καί¹
1342 3048 1437 3101 ἐπὶ
1470 3049 1677 3102 τούτων
1704 3047 1815 3101 τῶν

212 3136 405 3191 παθῶν
428 3156 441 3168 ’
470 3139 714 3191 τίκτεται
740 3141 841 3208 μὲν
861 3137 969 3191 ἀπὸ
988 3138 1082 3190 τοῦ
1097 3137 1370 3209 σώματος,
1393 3139 1486 3193 τὸν
1513 3141 1570 3194 δὲ
1604 3140 1680 3194 ἰὸν
1714 3140 1815 3209 τῆς

212 3226 427 3290 οἰκείας
473 3228 672 3290 κακίας
722 3229 802 3291 είς
832 3228 931 3297 τὴν
984 3228 1162 3299 ψυχὴν
1193 3228 1293 3299 τὴν
1330 3230 1605 3302 ἡμετέραν
1639 3234 1812 3302 ἐκχεῖ.

215 3318 407 3386 nam
422 3318 871 3389 γάρδαιμονικῆς
906 3320 1187 3390 ἐνεργείας
1221 3319 1633 3394 βλαϐερώτερον
1668 3326 1816 3396 ήτῆς

214 3410 459 3480 ἀθυμίας
475 3410 573 3462 ὐπε
586 3410 747 3481 ρϐολή
770 3429 780 3440 ·
803 3412 923 3463 ἐπεὶ
945 3413 1037 3465 καὶ
1053 3414 1081 3465 6
1100 3412 1309 3484 δαίμων
1336 3416 1393 3466 ἐν
1419 3411 1502 3479 οἷς
1523 3415 1590 3469 ἂν
1616 3421 1813 3489 κρατῇ,

214 3500 305 3552 διὰ
340 3499 543 3569 ταύτης
590 3504 815 3568 κρατεῖ·
849 3501 952 3554 κᾶν
985 3503 1189 3574 ταύτην
1237 3504 1463 3578 ἀφέλῃς,
1500 3507 1652 3560 οὐδὲν
1687 3511 1814 3580 παρ’

213 3593 428 3644 ἐκείνου
462 3592 711 3647 πείσεταί
740 3611 825 3657 τις
854 3595 1046 3651 δεινόν.
1077 3597 1185 3649 Καὶ
1202 3598 1317 3661 πῶς
1343 3597 1421 3650 ξνι
1452 3597 1527 3669 μὴ
1557 3600 1813 3670 ἀθυμεῖν,

216 3684 383 3753 φησίν
403 3676 442 3750 ;’
472 3683 614 3753 Ἐγὼ
655 3685 711 3739 δέ
754 3703 812 3739 σε
844 3688 1134 3759 ἐρήσομαι,
1171 3689 1290 3753 πῶς
1325 3691 1426 3744 οὐκ
1466 3691 1545 3745 ἔνι
1584 3691 1657 3762 μὴ
1687 3690 1818 3743 ἀθυ-

219 3777 380 3844 μεῖν;
435 3776 498 3828 Εἰ
555 3774 655 3844 μὲν
694 3776 803 3848 γὰρ
847 3779 1063 3848 μοιχεία
1092 3779 1185 3832 καὶ
1230 3780 1461 3852 φόνος,ἢ
1490 3781 1617 3834 ἀλλο
1650 3781 1702 3834 τί
1734 3798 1816 3833 σοι

214 3865 460 3917 τοιοῦτον
488 3866 821 3937 τετόλμηται
870 3868 978 3921 τῶν
1006 3870 1365 3924 ἐκκλειόντων
1393 3871 1495 3942 τῆς
1536 3872 1818 3943 βασιλείας

215 3957 327 4013 τῶν
359 3959 627 4029 οὐρανῶν,
662 3960 862 4031 ἀθύμει
906 3962 998 4014 καὶ
1029 3962 1234 4027 πένθει,
1266 3966 1293 4017 6
1322 3960 1585 4018 κωλύσων
1617 3964 1813 4027 οὐδείς·

217 4053 267 4103 εί
302 4050 361 4103 δὲ
416 4049 623 4104 τούτων
644 4055 710 4123 τῇ
743 4054 835 4105 τοῦ
865 4053 1001 4107 Θεοῦ
1030 4054 1214 4125 χάριτι
1261 4056 1483 4111 πάντων
1531 4056 1817 4128 πόρρωθεν

219 4142 462 4210 ἕστηκας
484 4184 498 4206 ,
540 4143 592 4196 τί
625 4145 802 4214 μάτην
834 4146 1056 4210 κόπτεις
1085 4146 1315 4212 σαυτόν;

293 4231 372 4286 ιδ’.
405 4234 516 4305 Τὴν
534 4235 642 4306 γὰρ
659 4236 896 4307 ἀθυμίαν
914 4238 1169 4308 ἐνέθηκεν
1184 4239 1342 4310 ἡμῶν
1357 4241 1383 4292 6
1398 4239 1532 4303 Θεὸς
1548 4242 1620 4311 τῇ
1634 4240 1815 4309 φύσει,

214 4329 316 4397 οὐχ
351 4329 438 4383 ἵνα
469 4329 653 4392 ἁπλῶς
709 4332 804 4384 καὶ
846 4333 1090 4403 ἀκαίρως
1142 4332 1237 4385 καὶ⁹
1287 4334 1343 4385 ἐν
1390 4336 1504 4396 τοῖς
1552 4334 1819 4399 ἐναντίοις

216 4420 355 4489 αὐτῇ
397 4419 657 4490 χρώμεθα
692 4422 1035 4493 πράγμασιν,
1079 4424 1187 4477 οὐδ’
1229 4424 1316 4477 ’ίνα
1347 4414 1657 4496 φθείρωμεν
1692 4426 1819 4481 ἑαυο

216 4515 367 4578 τοῦς,
400 4513 517 4567 ἀλλ’
538 4513 626 4566 ἵνα
655 4514 724 4568 τά
755 4516 987 4585 μέγιστα
1009 4514 1361 4587 κερδάνωμεν
1386 4515 1445 4581 ἐξ
1470 4516 1662 4587 αὐτῆς.
1691 4519 1819 4583 Πῶς

201 4604 273 4656 δέ
309 4604 567 4676 κερδᾶναι
598 4605 773 4671 ἓστινς
798 4607 962 4659 Ὅταν
998 4608 1078 4670 είς
1108 4613 1298 4678 καιρὸν
1334 4609 1503 4678 αὐτὴν
1532 4610 1829 4683 παραλαμ-

217 4696 504 4767 ϐάνωμεν·
544 4698 737 4769 καιρὸς
762 4698 807 4751 δ’
840 4698 1077 4770 ἀθυμίας
1113 4699 1212 4771 οὐχ
1231 4702 1361 4754 ὅταν
1383 4701 1686 4773 πάσχωμεν
1721 4722 1823 4757 κα-

218 4787 354 4853 κῶς,
392 4788 506 4843 ἀλλ’
550 4792 680 4844 ὅταν
718 4790 937 4863 δρῶμεν
974 4792 1158 4857 κακῶς
1180 4806 1195 4821 ⁸
1230 4795 1394 4864 ἡμεῖς
1438 4794 1493 4848 δὲ
1534 4795 1632 4867 τὴν
1666 4797 1819 4862 τάξιν

222 4871 663 4953 ἀνεστρέψαμεν,
701 4883 940 4947 καὶτοὺς
957 4884 1185 4956 καιροὺς
1211 4885 1686 4957 ἀντηλλαξάμεθα,
1725 4890 1820 4943 καὶ

220 4972 503 5037 ποιοῦντες
532 4975 629 5046 μὲν
661 4975 830 5046 μυρία
864 4975 1011 5028 κακά
1030 5016 1043 5037 ,
1069 4975 1189 5029 οὐδὲ
1207 4976 1345 5047 πρὸς
1370 4976 1547 5048 βραχὺ
1584 4979 1809 5033 συστελ⁴

217 5066 456 5137 λόμεθα·
482 5067 550 5139 ἢν
578 5066 635 5119 δὲ
657 5066 853 5139 μικρόν
868 5084 922 5120 τι
952 5068 1082 5138 παρ’
1099 5068 1321 5122 ὁτουοῦν
1338 5069 1625 5140 πάθωμεν,
1649 5089 1818 5126 καταο

220 5156 520 5227 πίπτομεν,
558 5156 903 5229 ἱλιγγιῶμεν,
961 5158 1346 5230 ἀπαλλαγῆναι
1381 5160 1476 5215 καὶ
1512 5161 1819 5235 ἀποστῆναι

215 5247 317 5304 τοῦ
347 5248 464 5318 βίου
495 5249 818 5321 σπεύδομεν.

294 5341 583 5412 Τοιγάρτοι
612 5341 701 5395 διὰ
721 5341 879 5396 τοῦτο
903 5344 1160 5415 φορτικὸν
1188 5346 1279 5400 καὶ
1315 5346 1455 5419 βαρὺ
1493 5347 1553 5401 16
1583 5350 1819 5421 πρᾶγμα

217 5427 363 5485 εἶναι
398 5432 529 5502 ἡμῖν
554 5432 721 5494 δοκεῖ,
757 5426 1057 5504 ι’ὒσπεροῦν
1076 5435 1171 5487 καὶ
1195 5437 1222 5488 6
1252 5434 1423 5505 θυμὸς
1447 5434 1541 5489 καὶ
1568 5436 1601 5506 ἡ
1630 5435 1821 5488 ἐπιθυ.

219 5526 342 5595 μία.
374 5523 483 5576 Καὶ
499 5522 719 5594 γὰρκαὶ
736 5522 907 5576 ταῦτα
925 5524 974 5576 οί
1009 5523 1082 5596 μὴ
1110 5524 1448 5596 χρησάμενοι
1476 5524 1658 5587 καλῶς
1682 5526 1819 5598 μηδέ

217 5620 301 5679 εἰς
338 5615 457 5668 δέον
490 5614 736 5668 διέϐαλον
779 5614 805 5653 δ
826 5631 838 5643 °
885 5616 981 5670 καὶ
1015 5615 1305 5686 συμϐαίνει
1356 5615 1554 5680 ταυτὸ,
1589 5612 1699 5670 οἷον
1726 5617 1819 5671 ἐπὶ

217 5707 330 5761 τῶν
362 5708 670 5779 φαρμάκων
699 5707 808 5759 τῶν
847 5706 997 5778 παρά
1021 5707 1129 5760 τῶν
1155 5707 1354 5777 ἰατρῶν
1370 5707 1662 5777 διδομένων
1684 5726 1697 5739 ο
1729 5710 1819 5762 καὶ

284 5827 309 5855 ⁸
341 5825 510 5871 Mnrnl.
541 5826 672 5883 ἡμῖν,
696 5824 776 5874 alii
800 5818 940 5885 ἱμάς.

214 5910 218 5914 ι
282 5887 308 5924 h
338 5887 473 5933 l'nus
506 5886 639 5935 ιὶυιιι.
667 5889 938 5935 συνέϐαλον.
985 5886 1081 5935 Alii
1126 5900 1241 5932 mm
1275 5889 1435 5937 minus
1473 5895 1607 5937 νίψω
1649 5889 1808 5937 διέϐα-

215 5955 313 6010 ),ov,
346 5949 445 5997 lmo
470 5950 670 6009 rc-«tli'Js',
697 5955 841 6011 ίιὶσίιιι·
869 5949 914 5997 ιι]
943 5950 1261 5998 ι’νδιὶιιιὶιηιις.

1029 345 1123 403 AD
1161 341 1544 403 STAGIBIUM
1584 345 1625 399 Α
1670 342 1980 401 DEMONE
2018 342 2380 404 YEXA'I'UM.
2420 346 2552 402 LIB.
2595 347 2682 402 III.

3383 345 3489 403 693

1902 461 2011 535 γάρ
2042 465 2227 518 ἐκεῖνα
2266 466 2395 519 ὅταν
2440 466 2514 537 μὴ
2560 468 2675 528 τοῖς
2703 465 3082 537 καταλλήλοις,
3116 466 3211 521 καὶ
3241 466 3381 539 ὑπὲρ
3412 460 3493 525 ὧν

1903 554 2358 618 κατεσκεύασται,
2373 556 2490 610 ἀλλ’
2515 556 2724 630 ἑτέροις
2739 556 2857 612 ἀνθ’
2874 559 3077 630 ἐτέρων
3091 559 3316 632 ἐπιτεθῇ

1902 645 2152 710 πάθεσιν,
2185 649 2246 701 οὐ
2287 648 2445 718 μόνον
2493 650 2592 704 οὐκ
2625 649 2903 720 ἀπήλλαξε
2937 650 3031 705 τοῦ
3068 650 3367 716 λυποῦντος
3399 650 3494 709 τὸν

1903 737 2200 806 κάμνοντα,
2229 743 2365 795 ἀλλά
2396 746 2487 797 καὶ
2524 743 2725 814 μᾶλλον
2779 744 3036 816 ἐπέτριψε
3077 756 3100 786 ο
3135 747 3196 800 16
3240 748 3492 817 νόσημαο

1902 830 2038 901 ὅπερ
2063 828 2155 885 οῦν
2182 834 2275 885 καὶ
2304 835 2334 903 ἡ
2368 833 2574 905 ἀθυμία
2612 839 2777 898 ποιεῖ,
2810 835 2905 889 καὶ
2936 836 3180 895 εἰκότως.
3212 836 3495 907 Αύστηρὸν

1902 926 2010 996 γὰρ
2040 922 2175 981 οὖσα
2195 929 2289 981 καὶ
2307 927 2669 1001 διαϐρωτικδν
2695 930 3007 1002 φάρμακον,
3032 931 3125 984 καὶ
3151 932 3227 994 ὡς
3264 931 3329 985 ἂν
3352 933 3495 986 εἴποι

1902 1034 1987 1081 τις
2020 1018 2388 1092 καθαρτήριον
2424 1022 2526 1092 τῆς
2558 1025 2826 1096 πονηρίας
2851 1025 2949 1095 τῆς
2978 1027 3035 1078 ἐν
3065 1028 3226 1096 ἡμῖν,
3248 1028 3376 1081 ὅταν
3397 1026 3495 1097 μὲν

1905 1109 2149 1184 ἀργούσῃ
2176 1112 2321 1185 ψυχῇ
2358 1118 2455 1168 καὶ
2487 1116 2747 1187 τρυφώσῃ
2813 1117 2908 1170 καὶ
2949 1116 3115 1172 πολὺν
3164 1118 3367 1191 ἐχούσῃ
3405 1119 3497 1174 τὸν
3545 1159 3548 1162 .

1903 1200 2013 1255 τῶν
2044 1204 2459 1276 ἁμαρτημάτων
2499 1206 2731 1276 φορυτὸν
2759 1208 3089 1279 παρέχηται,
3140 1209 3371 1281 μέγιστα
3402 1211 3496 1266 τὸν

1904 1298 2196 1371 δεξάμενον
2230 1298 2441 1380 ὤνησεν
2465 1315 2479 1329 ·
2517 1302 2644 1355 ὅταν
2693 1301 2751 1354 δὲ
2806 1301 3044 1375 ἀθλούσῃ
3093 1303 3189 1357 καὶ
3230 1304 3498 1373 ἀγωνιζο-

1909 1390 2046 1463 μένῃ
2078 1391 2172 1443 καὶ
2205 1390 2442 1462 πονούσῃ
2471 1392 2566 1443 καί
2596 1408 2908 1463 μεμεριμνη
2920 1391 3059 1463 μένῃ
3089 1392 3186 1445 κα)⁵
3210 1392 3499 1467 πασχούσῃ

1906 1480 2114 1545 κακῶς,
2153 1482 2289 1552 πρὸς
2321 1482 2400 1553 τῷ
2435 1483 2603 1554 μηδὲν
2627 1482 2931 1553 ὠφελῆσαι,
2965 1486 3061 1538 καὶ
3095 1485 3308 1556 μεγάλα
3334 1486 3498 1540 ἐϐλα-

1905 1574 2027 1643 ψεν,
2058 1565 2457 1647 ἀσθενεστέραν
2486 1576 2841 1647 ἐργασαμένη
2874 1577 2969 1631 καὶ
2998 1576 3495 1646 εὐκαταγώνιστον.

1906 1667 2005 1721 Διά
2033 1666 2191 1721 τοῦτο
2218 1671 2331 1732 τοῖς
2361 1669 2459 1739 μὲν
2484 1669 2738 1739 ἐστηκόσι
2774 1668 2871 1723 καὶ
2903 1667 3326 1739 ἀγωνιζομένοις
3355 1671 3503 1742 γρά-

1909 1772 2025 1824 φων
2064 1757 2092 1809 6
2126 1750 2338 1821 Παῦλος
2388 1756 2562 1826 ἔλεγε,
2595 1759 2843 1827 Χαίρετε
2871 1759 2941 1813 ἐν
2965 1759 3162 1827 Κιιρίῳ
3204 1761 3498 1815 mir-1018'

1907 1846 2096 1901 πάλιν
2115 1848 2248 1917 ἐρῶ,
2301 1851 2535 1917 χαίρετε
2556 1868 2569 1883 ο
2602 1853 2715 1915 τοῖς
2739 1851 2795 1905 δέ
2837 1850 3138 1923 διαχυθεῖσι
3174 1852 3266 1905 καὶ
3303 1852 3503 1926 πολλὴν

1909 1939 2091 2011 ἔχουσι
2146 1941 2246 2012 τὴν
2293 1941 2636 2014 φλεγμονὴν,
2694 1943 2804 1999 Καὶ
2857 1943 3029 2014 ὑμεῖς
3058 1945 3505 2015 πεφυσιωμένοι

1907 2031 2074 2095 ἐστὲ,
2105 2034 2201 2087 καὶ
2246 2034 2383 2103 οὐχὶ
2420 2033 2665 2102 μᾶλλον
2710 2034 3107 2101 ἐπενθήσατε.
3169 2037 3226 2090 '0
3264 2039 3363 2108 μὲν
3394 2038 3507 2112 γὰρ

1910 2124 2297 2195 λιπαινόμενος
2314 2126 2391 2197 τῷ
2406 2125 2514 2178 τῶν
2541 2126 2961 2199 ἁμαρτημάτων
2977 2127 3260 2199 λιπασμῷ,
3293 2130 3508 2200 ίσχνού-

1912 2215 2024 2270 σθω
2063 2216 2156 2270 καὶ
2202 2206 2615 2284 καταξαινέσθω
2645 2218 2671 2257 ά
2712 2217 2790 2289 τῷ
2829 2220 3110 2291 φαρμάκῳ
3143 2219 3317 2292 τούτῳ
3340 2237 3352 2252 '
3386 2223 3414 2275 6
3446 2221 3507 2275 δι

1913 2307 2155 2361 εὐεκτῶν
2199 2310 2293 2362 καὶ
2338 2310 2397 2362 ἐν
2441 2313 2507 2381 τῇ
2554 2310 2910 2383 προσηκούσῃ
2951 2312 3287 2366 καταστάσει
3322 2313 3509 2385 διατη-

1915 2399 2022 2470 ρῶν
2052 2399 2267 2462 ἐαυτὸν,
2299 2402 2443 2462 τίνος
2469 2402 2656 2456 ἐνεκεν
2684 2402 2896 2475 φθείροι
2930 2403 3026 2475 τὴν
3052 2403 3266 2471 εὐεξίαν
3291 2404 3379 2459 διά
3408 2409 3509 2478 τῆς

1912 2491 2186 2562 ἀθυμίας;
2219 2490 2377 2546 Οὕτω
2424 2494 2536 2565 γάρ
2573 2494 2719 2547 ἐστιν
2752 2493 2891 2564 αῦτη
2928 2494 3283 2566 δραστήριος,
3308 2494 3384 2559 ὼς
3414 2498 3509 2551 καὶ

1911 2583 2025 2642 τοῖς
2058 2582 2334 2651 δεομένοις
2361 2583 2786 2653 αὐτῆςπλείονα
2816 2584 2912 2638 τοῦ
2945 2584 3158 2649 δέοντος
3193 2586 3508 2641 ἐπιτεθεῖσα

1911 2676 2104 2745 χρόνον
2165 2676 2378 2747 μεγάλα
2427 2677 2769 2747 ἐργάσασθαι
2805 2681 2972 2735 κακά.
3016 2682 3195 2753 Ὅπερ
3222 2683 3316 2736 καὶ
3348 2684 3376 2736 6
3401 2703 3509 2755 μα-

1913 2767 2104 2839 κάριος
2162 2770 2374 2834 Παῦλος
2425 2770 2700 2835 δεδοικὼς,
2755 2772 2965 2843 ταχέως
3000 2773 3169 2845 αὐτὴν
3222 2775 3509 2832 ἐκέλευσεν

1912 2857 2133 2926 ἀφελεῖν
2166 2857 2305 2928 μετά
2341 2858 2401 2913 16
2450 2858 2658 2931 πρᾶξαι
2686 2859 2748 2913 τὸ
2802 2861 3023 2932 ἑαυτῆς,
3062 2861 3156 2915 καὶ
3201 2860 3298 2932 τὴν
3328 2862 3512 2917 αἰτίαν

1914 2948 2228 3021 προσετίθει
2252 2948 2478 3021 ταύτην,
2514 2951 2581 3022 ἦν
2610 2949 2721 3018 ἐγὼ
2752 2949 2898 3019 λέγω
2946 2950 3040 3003 νῦν
3062 2968 3074 2981 ο
3121 2951 3505 3024 Μήπωςκγάρ,

1914 3040 2070 3112 φησὶ,
2102 3039 2177 3108 τῇ
2202 3041 2604 3108 περισσοτέρᾳ
2626 3044 2792 3108 λύπῃ
2825 3042 3137 3112 καταποθῇ
3158 3048 3190 3098 o'
3217 3047 3507 3114 τοιοῦτος.

1917 3132 1980 3184 ΕΞ
2014 3132 2071 3185 δὲ
2122 3133 2248 3196 τοὺς
2300 3135 2357 3185 ἐν
2402 3133 2565 3205 χρείᾳ.
2619 3132 2973 3198 καθεστῶτας
3018 3131 3160 3189 οἶδεν
3210 3137 3511 3193 ἀπολλύναι

1915 3225 2305 3297 προσπεσοῦσα
2343 3226 2460 3297 μεθ’
2480 3226 2878 3299 ὑπερϐολῆς,τί
2906 3244 3037 3281 ποτε
3062 3229 3354 3301 ἐργάσεται
3384 3233 3513 3296 τοὺς

1914 3318 2036 3372 οὐδὲ
2081 3316 2219 3381 ὅλως
2275 3318 2563 3389 δεομένους
2613 3320 2806 3389 αὐτῆς,
2857 3320 2986 3374 ὅταν
3037 3321 3208 3393 αὐτὴν
3249 3322 3452 3395 πολλὴν
3487 3335 3513 3365 ⁸

1920 3409 2376 3475 ἐπισπάσιι›νται;
2432 3410 2562 3481 Ναὶ,
2612 3410 2796 3479 φησιν,
2843 3405 2962 3465 οἴδα
3004 3409 3164 3465 τοῦτο
3205 3415 3297 3467 καὶ
3326 3415 3512 3479 αὐτὸς,

1915 3501 2051 3555 ἀλλά
2102 3502 2219 3565 πῶς
2258 3501 2431 3573 αὐτὴν
2470 3500 2907 3573 ἀποκρούσομαι,
2941 3503 3035 3556 καὶ
3078 3504 3374 3578 ἀποστήσω
3413 3506 3515 3579 τῆς

1916 3590 2156 3661 ἐμαυτοῦ
2189 3591 2388 3662 ψυχῆς,
2413 3593 2511 3645 οὐκ
2531 3586 2667 3645 οἶδα.
2695 3592 2806 3647 Καὶ
2833 3593 2994 3656 ποίας
3023 3593 3182 3647 τοῦτο
3206 3594 3511 3662 δυσκολίας,

1916 3674 1961 3734 ὦ
2017 3680 2172 3749 φίλε;
2205 3681 2267 3733 Εἰ
2297 3682 2394 3752 μὲν
2434 3680 2542 3752 γὰρ
2580 3681 2849 3754 ἐπιθυμία
2875 3700 2963 3745 τις
2993 3678 3084 3755 ἦν,
3123 3684 3218 3737 καὶ
3244 3686 3514 3757 σωμάτων

1917 3760 2058 3844 ἔρως
2090 3772 2309 3836 ἄτοπος,
2347 3773 2378 3843 ἢ
2406 3772 2712 3838 κενοδοξίας
2756 3775 3032 3847 τυραννὶς,
3062 3775 3121 3829 τὸ
3152 3775 3512 3848 δυσκαταγώ-

1917 3882 2094 3920 νιστον
2121 3866 2308 3930 κακὸν,
2343 3868 2377 3939 ἢ
2413 3867 2540 3922 ἀλλο
2566 3887 2618 3923 τι
2658 3869 2770 3923 τῶν
2801 3870 3061 3925 τοιούτων
3094 3872 3304 3941 παθῶν,
3332 3875 3514 3939 καλῶς

1916 3959 1983 4012 ἂν
2007 3960 2233 4031 ἠπόρεις
2266 3960 2408 4033 ὑπὲρ
2441 3961 2540 4032 τῆς
2572 3962 2897 4033 ἀπαλλαγῆς
2918 3980 2930 3994 ·
2962 3965 3089 4028 τοὺς
3109 3966 3219 4039 γάρ
3252 3968 3517 4035 τοιούτοις

1916 4049 2144 4114 ἁλόντας
2196 4050 2455 4105 ἀδύνατον
2505 4054 2603 4124 μὲν
2657 4054 2931 4125 οὐδαμῶς,
2979 4055 3236 4111 δύσκολον
3269 4058 3326 4113 δὲ
3365 4061 3515 4131 ὅμως

1846 4188 1849 4190 .
1918 4141 2220 4214 ἀποδρᾶναι
2280 4142 2346 4196 τά
2381 4143 2594 4198 δίκτυα.
2638 4145 2704 4197 Τί
2756 4146 2994 4215 δήποτε;
3032 4145 3154 4201 Ὅτι
3192 4149 3293 4220 τὴν
3319 4149 3515 4221 ἡδονὴν

1917 4234 2100 4304 ἔχουσι
2133 4253 2195 4288 συ
2205 4234 2596 4307 μπράττουσαν
2617 4238 2711 4290 καὶ
2730 4236 3034 4308 βοηθοῦσαν
3050 4240 3235 4305 αὐτοῖς
3257 4257 3272 4272 ο
3303 4240 3398 4295 καὶ
3418 4240 3517 4295 αῦ-

1917 4343 1984 4397 τη
2038 4328 2186 4379 ἐστὶν
2217 4328 2249 4397 ή
2293 4327 2361 4381 τά
2388 4327 2560 4381 πολλά
2601 4330 2940 4400 πανταχόθεν
2967 4332 3370 4403 περιϐάλλουσα
3401 4337 3513 4400 τοῖς

1919 4416 2187 4471 ἑαλωκόσι
2225 4417 2466 4489 σχοινία’
2528 4420 2620 4473 καὶ
2664 4421 2822 4473 τοῦτο
2878 4422 3097 4494 πρῶτον
3140 4422 3255 4495 ἔχει
3286 4425 3423 4496 πρὸς
3454 4426 3518 4481 16

1918 4507 2331 4579 κατορθωθῆναι
2359 4510 2614 4581 χαλεπὸν,
2647 4515 2833 4565 πεῖσαι
2862 4514 2962 4584 τὴν
2990 4514 3171 4587 ψυχὴν
3201 4517 3336 4581 ὅλως
3354 4517 3517 4590 θελῆ-

1923 4615 2013 4653 σαι
2067 4599 2163 4653 καὶ
2208 4599 2537 4671 βουληθῆναι
2602 4603 2702 4674 τὴν
2736 4603 3095 4677 ἀπαλλαγήν·
3160 4608 3255 4661 καὶ
3301 4610 3514 4677 γίνεται

1921 4691 2243 4763 παρόμοιον,
2276 4694 2467 4763 ῶσπερ
2492 4692 2557 4747 ἀν
2586 4695 2739 4759 εἴτις
2772 4695 2963 4768 ψώραν
2985 4699 3018 4769 ἢ
3043 4700 3356 4773 κνησμονήν
3374 4702 3513 4754 ἁπο-

1919 4781 2108 4838 θέσθαι
2157 4786 2388 4855 ὀφείλων
2433 4786 2744 4856 ὲνηδύνοιτο
2798 4788 2877 4861 τῷ
2914 4792 3203 4862 νοσήματι,
3234 4792 3331 4847 καὶ
3382 4793 3516 4848 εἴσω

1919 4874 2014 4930 τοῦ
2064 4877 2272 4943 πάθους
2321 4879 2512 4934 ἑαυτὸν
2546 4881 2783 4935 είσωθοῖ.
2815 4882 2959 4953 Πρὸς
2979 4883 3037 4937 δὲ
3071 4883 3169 4955 τὴν
3202 4884 3304 4955 τῆς
3336 4882 3515 4957 λύπης

1918 4968 2267 5041 ἀναχώρησιν
2300 4972 2359 5025 ού
2398 4972 2597 5044 μικρὸν
2647 4975 2778 5045 ἡμῖν
2813 4974 2972 5027 τοῦτο
3006 4975 3255 5047 ἧνυσται,
3280 4976 3343 5030 τὸ
3374 4976 3515 5047 τέως

1918 5059 2100 5130 ἀηδῶς
2143 5061 2287 5131 ἔχειν
2335 5062 2471 5134 πρὸς
2527 5064 2721 5136 αὐτήν.
2790 5066 2847 5119 Ὁ
2899 5067 3009 5138 γάρ
3059 5084 3166 5122 τινι
3209 5066 3515 5139 βαρυνόμε-

1919 5169 2028 5214 νος,
2062 5152 2155 5205 καὶ
2196 5152 2500 5223 ἀπορρῖψαι
2540 5154 2835 5207 σπουδάσει
2877 5155 3091 5226 ταχέως
3115 5155 3268 5211 αὐτό.
3306 5155 3370 5209 Τί
3392 5150 3512 5220 οῦν,

1919 5243 1986 5298 ἂν
2017 5243 2222 5317 σπεύδῃ
2264 5245 2383 5316 μὲν,
2422 5245 2497 5317 μὴ
2535 5245 2759 5316 δύνηται
2797 5246 2889 5312 δέ;
2925 5247 3015 5318 Μὴ
3049 5245 3309 5300 παυέσθω
3350 5263 3515 5300 σπου-

1916 5336 2114 5400 δάζων,
2143 5338 2237 5390 καὶ
2268 5338 2479 5409 ταχέως
2501 5338 2812 5411 δυνήσεται.
2858 5340 3143 5412 Ἐννόησον
3171 5338 3282 5413 γὰρ
3311 5341 3393 5394 ὅτι
3418 5340 3512 5394 τὸν

1919 5431 2267 5502 Χριστιανὸν,
2321 5432 2374 5486 εἴ
2425 5449 2557 5486 ποτε
2601 5432 2974 5509 λυποῖτονδύο
3019 5434 3182 5504 μόνον
3225 5434 3513 5499 ὑποθέσεις

1918 5523 2158 5594 ἀθυμίας
2175 5523 2319 5595 ἔχειν
2342 5524 2440 5588 δεῖ,
2459 5524 2634 5597 ῆόταν
2649 5525 2831 5589 αὐτὸς,
2860 5526 3039 5597 ῆδταν
3053 5527 3083 5580 6
3106 5526 3332 5597 πλησίον
3352 5544 3518 5599 προσ-

1919 5610 2127 5682 κρούσῃ
2164 5609 2317 5681 Θεῷ·
2352 5612 2450 5683 τῆς
2493 5611 2551 5665 δὲ
2585 5613 2868 5684 παρούσης
2905 5614 3083 5687 λύπης
3115 5615 3376 5688 οὐδεμίαν
3403 5617 3517 5673 τῶν

1922 5701 2074 5773 [2‘26]
2103 5703 2431 5775 προφάσεων
2470 5704 2675 5758 τούτων
2706 5707 2862 5776 ῥίζαν
2884 5707 3135 5779 ἐχούσης,
3163 5710 3287 5781 είκῆ
3315 5710 3516 5766 σαυτὸν

1988 5827 2009 5890 "_
2032 5824 2167 5890 Coll).
2196 5824 2434 5890 ἐπέτριψε,
2461 5825 2583 5890 ειιιὶιἶ
2609 5824 2854 5890 ἐπέτρεψε.

1987 5885 2169 5951 dQ-lh.
2196 5885 2818 5951 ειη-εικῆ,καταξαινέσθώ,
2867 5887 3036 5939 Morel.
3079 5888 3510 5951 καταξηραινίσθω.

1984 5951 2004 5977 ’
2033 5949 2165 5999 C0”).
2193 5948 2349 6006 πάλιν,
2377 5948 2458 5995 alii
2482 5949 2676 6006 πολλὴν.
