4264 6312
248 409 368 473 .m

260 506 480 574 haheat,
506 510 728 579 ιρίῃςιιιιι
752 508 943 565 frustra
959 508 1267 563 discrucias.
1286 505 1354 561 Et
1377 508 1517 561 unde
1543 507 1592 560 id
1614 517 1845 569 constet,

261 600 514 667 inquies,
569 600 709 669 quod
762 617 865 654 non
917 599 1270 653 ttﬂ'ettsieuum
1319 608 1621 652 nostrarum
1663 612 1849 667 poenas

257 692 639 744 C\Sttlv;ttttu5?
669 690 719 744 ld
743 690 954 760 quidem
985 690 1210 743 maxime
1240 689 1424 758 liquet,
1452 688 1546 742 sed
1580 689 1679 742 hoc
1710 690 1845 741 inte-

259 782 361 832 rint
387 797 492 835 non
511 783 812 835 asserimus.
837 781 1029 835 Verum
1054 782 1141 847 sil,
1164 781 1207 834 si
1237 781 1334 844 vis,
1362 779 1413 833 id
1439 794 1542 833 non
1562 781 1845 842 incertum,

254 872 353 927 'scd
385 875 613 927 maxime
654 875 1012 940 manifestum,
1047 883 1101 926 ιιι
1142 882 1192 926 ιιι
1220 873 1374 939 dicis,
1406 872 1541 926 hanc
1572 888 1689 926 csse
1717 888 1844 941 pec-

256 974 500 1018 eatonnn
534 975 739 1017 tuorum
771 965 1206 1018 retributionem:
1238 980 1384 1027 num,
1415 978 1616 1033 qumso.
1649 962 1847 1016 idcirco

259 1072 458 1109 mortes
499 1064 553 1108 et
590 1055 779 1108 doles?
822 1056 977 1123 Atqui
1016 1055 1245 1123 gaudere
1276 1056 1449 1123 potius
1488 1054 1670 1117 debes,
1704 1054 1844 1125 quod

256 1146 347 1200 hic
401 1155 621 1215 peccata
653 1154 739 1199 tua
785 1145 875 1199 tibi
926 1145 1280 1209 remittantur,
1349 1161 1415 1199 ne
1465 1161 1585 1199 cum
1644 1145 1842 1197 mundo

258 1238 551 1291 damneris.
600 1237 698 1304 Qui
730 1237 871 1291 cnim
912 1238 1075 1299 dolet,
1124 1254 1227 1291 non
1272 1240 1391 1307 quia
1424 1237 1709 1297 cruciatur,
1750 1236 1842 1290 sed

254 1330 377 1399 quia
408 1329 625 1383 offendit
648 1327 842 1395 Deum,
873 1330 1051 1384 dolere
1096 1330 1273 1384 debet.
1320 1331 1539 1383 Peecata
1585 1330 1724 1384 enim
1755 1346 1843 1385 se-

256 1428 445 1487 parant
472 1436 499 1471 a
532 1419 683 1472 nobis
713 1420 898 1477 Deum.
931 1421 1364 1489 constituuntque
1388 1420 1541 1473 nobis
1566 1420 1711 1472 illum
1738 1420 1841 1472 ini-

254 1512 450 1562 micum
477 1528 489 1563 :
523 1509 787 1563 cruciatus
810 1526 936 1564 vero
978 1510 1130 1563 nobis
1157 1510 1303 1562 illum
1334 1509 1662 1572 reconciliat,
1708 1526 1842 1577 prae-

255 1611 511 1669 paratqtte
560 1612 615 1655 ut
644 1602 899 1671 propitius
928 1617 989 1655 ac
1017 1602 1343 1671 propinquus
1368 1601 1455 1654 sit.
1486 1600 1637 1665 Quod
1662 1612 1839 1654 autem

246 1692 418 1745 sudor
463 1694 559 1747 iste
600 1705 717 1747 tuus
752 1708 855 1747 non
906 1694 975 1746 sit
1008 1702 1342 1761 peccatorum
1376 1692 1525 1757 ultio,
1568 1692 1661 1748 sed
1688 1709 1842 1747 coro-

249 1798 440 1835 narum
465 1784 637 1852 potius
668 1784 1115 1853 praemiorumque
1146 1784 1386 1847 materia,
1418 1783 1540 1836 hinc
1570 1799 1697 1835 sane
1728 1799 1838 1835 ma-

252 1872 502 1927 nifestum
551 1885 650 1927 est.
702 1874 758 1928 Si
815 1874 955 1928 enim
1003 1874 1151 1943 prius
1193 1875 1417 1945 turpiter
1463 1890 1525 1929 ac
1569 1875 1870 1943 luxuriose

236 1964 508 2028 vivisscs,
564 1976 721 2034 atque
765 1966 833 2020 ita
875 1975 925 2020 te
968 1966 1032 2020 ad
1067 1965 1447 2019 monachorum
1477 1966 1840 2029 conversatio-

249 2072 369 2109 nem
421 2058 755 2122 contulisses,
805 2073 870 2111 ne
900 2059 975 2111 sic
1004 2057 1215 2126 quidem
1254 2057 1367 2111 hsce
1402 2057 1634 2127 suspicio
1662 2059 1836 2111 locum

248 2145 541 2201 habuisset.
571 2146 700 2201 Nam
747 2148 789 2201 si
822 2147 891 2200 ob
920 2147 1019 2201 hoc
1060 2148 1198 2201 Deus
1248 2162 1433 2215 pmnas
1470 2147 1646 2212 infert,
1697 2159 1751 2200 ut
1786 2148 1834 2201 ιιι

247 2238 402 2290 malis
424 2247 823 2306 perseverantes
840 2239 904 2292 ad
932 2239 1295 2308 pmnitentiam
1323 2246 1595 2309 provocet,
1624 2250 1836 2292 ostensa

248 2328 558 2394 [aetiiteutia
600 2328 861 2397 superflua
910 2329 1016 2397 jam
1062 2330 1164 2383 erit
1194 2344 1369 2398 plena.
1422 2330 1649 2383 Tantum
1694 2332 1835 2384 enim

243 2420 395 2473 abest
431 2430 487 2474 ιιι
518 2436 612 2474 nos
650 2421 836 2489 punire
862 2422 986 2474 velit
1014 2422 1170 2484 Deus,
1216 2430 1274 2474 ut
1307 2437 1426 2474 cum
1466 2436 1837 2490 smpenumcro

244 2514 419 2580 pmuis
456 2512 612 2580 digna
645 2510 900 2565 faciamus
924 2553 939 2578 ,
982 2518 1297 2581 summaque
1325 2513 1673 2567 conversione
1702 2527 1836 2581 opus

246 2602 554 2665 habeamus,
579 2602 989 2656 comminatione
1008 2603 1177 2657 solum
1196 2603 1478 2671 verbisque
1506 2603 1829 2656 terribilibus

242 2709 343 2747 nos
383 2695 643 2762 castigare
680 2695 870 2749 malit:
913 2696 1069 2764 idque
1111 2695 1264 2749 facile
1291 2695 1550 2765 quispiam
1597 2695 1837 2749 animad-

242 2797 414 2841 vertct
452 2797 506 2842 et
548 2790 597 2842 ιιι
631 2790 914 2844 Israelitica
946 2790 1124 2859 plebe,
1159 2806 1212 2846 ct
1241 2791 1291 2845 in
1324 2792 1674 2846 Ninivitarum
1703 2792 1834 2846 civi-

245 2887 371 2931 tate.
401 2879 510 2931 Non
546 2880 720 2946 solum
751 2881 890 2933 enim
920 2882 1173 2951 supplicia
1205 2899 1310 2936 non
1339 2884 1534 2949 intulit,
1570 2901 1688 2939 cum
1723 2899 1835 2953 pm-

242 2970 516 3022 nitentiatn
568 2972 940 3034 ostenderent,
1000 2972 1093 3027 sed
1150 2984 1204 3027 et
1256 2976 1425 3028 minas
1476 2975 1617 3043 ipsas
1656 2976 1833 3029 statim

249 3062 499 3114 removit.
544 3061 708 3114 Multo
757 3061 900 3115 enim
942 3064 1107 3129 magis
1147 3066 1256 3116 vult
1286 3065 1397 3132 ipse
1424 3065 1555 3118 nihil
1597 3080 1693 3118 nos
1726 3066 1831 3133 pati

244 3152 391 3215 mali,
431 3167 587 3220 quam
621 3166 718 3206 nos
762 3153 882 3222 ipsi,
933 3155 1215 3223 nullusque
1253 3156 1351 3208 sibi
1399 3156 1470 3209 ita
1504 3167 1744 3225 parceret
1772 3157 1836 3209 li-

242 3243 450 3309 benter,
484 3252 537 3295 ut
566 3244 716 3297 nobis
743 3245 987 3298 omnibus
1021 3245 1177 3299 Deus.
1228 3246 1426 3301 Deinde
1455 3248 1499 3300 is
1522 3247 1611 3316 qui
1640 3248 1835 3317 Sa-pius

245 3345 526 3403 peccantes
561 3336 739 3389 verbis
770 3347 971 3391 tantum
1014 3347 1265 3399 exterret,
1305 3354 1403 3392 nec
1443 3340 1611 3407 punit,
1662 3341 1834 3407 penni-

248 3447 527 3506 tcntesque
559 3436 657 3489 hac
688 3436 971 3491 formidine
1002 3436 1208 3499 liberat,
1257 3445 1306 3489 te
1333 3438 1420 3505 qui
1454 3445 1593 3489 tanta
1626 3437 1835 3505 religio-

246 3530 351 3591 nis,
396 3538 535 3581 tanta
568 3527 776 3581 virtutis
803 3538 855 3582 et
887 3527 1166 3595 probitatis
1200 3526 1390 3579 iudiria
1423 3543 1529 3594 pra:
1566 3537 1615 3579 te
1647 3526 1831 3591 tulisti,

245 3636 352 3673 non
396 3621 565 3673 Solum
608 3620 690 3671 his
717 3619 872 3672 minis
916 3628 1073 3687 atque
1105 3617 1205 3672 hoc
1236 3627 1438 3671 terrore
1482 3634 1584 3671 non
1618 3618 1831 3685 eripuit,

246 3725 427 3762 verum
460 3718 513 3763 et
548 3724 602 3761 re
628 3708 739 3777 ipsa
771 3708 1044 3777 suppliciis
1060 3709 1417 3776 cxposuit?et
1443 3707 1709 3775 quomodo
1734 3708 1834 3759 ali—

245 3802 363 3870 quis
386 3801 485 3853 hoc
512 3799 695 3853 credat
714 3799 735 3851 ?
757 3801 999 3852 Attamen
1030 3799 1071 3851 si
1104 3798 1248 3867 prior
1274 3798 1360 3852 illa
1388 3808 1471 3851 tua
1502 3798 1836 3851 conversatio

246 3902 493 3958 eorrupta
511 3890 696 3943 fuisset
721 3904 781 3941 ac
805 3888 1028 3957 perdita,
1046 3898 1101 3941 ut
1127 3888 1452 3955 dixi,aliquis
1476 3888 1524 3940 id
1546 3887 1628 3941 vel
1658 3888 1833 3954 suspi-

247 3983 356 4037 cari
382 3996 449 4051 po
477 3990 557 4035 set
578 4000 589 4032 :
610 3997 727 4035 cum
759 3964 886 4034 vero
906 3979 1364 4048 detet‘iorquidettt
1386 3978 1469 4032 illa
1496 3978 1648 4032 fuerit
1677 3994 1835 4048 quam

248 4088 482 4142 przcsens
508 4074 595 4134 sit,
637 4081 820 4124 ornata
852 4081 1025 4124 tamen
1070 4080 1122 4124 et
1165 4070 1274 4139 ipsa
1307 4086 1619 4137 summaque
1666 4070 1834 4121 hone-

250 4174 381 4215 state
416 4163 634 4230 pollens,
672 4162 909 4231 profecto
940 4162 1095 4215 nobis
1130 4162 1275 4215 ontni
1302 4175 1371 4213 ex-
1397 4171 1545 4227 parte
1570 4160 1837 4213 constabit

1714 398 2047 454 MONITUM.

3430 402 3539 454 .493

1954 509 2352 564 eolluctationes
2406 509 2506 563 has
2557 518 2674 564 tuas
2711 523 3027 564 coronarum
3072 509 3163 564 tibi
3214 508 3535 578 majorisque

1953 602 2134 672 gloria:
2153 604 2485 657 occasionem
2504 618 2639 657 esse.
2653 603 2874 673 Oportet
2893 604 3070 673 igitur,
3088 614 3139 658 ttt
3159 604 3285 668 disi,
3306 615 3357 660 et
3372 605 3469 658 has
3484 614 3534 657 et

1955 690 2253 760 hujusmodi
2275 693 2619 761 cogitatiOues
2642 709 2876 748 movere.
2905 694 3166 748 Convenit
3194 698 3315 748 item
3341 706 3389 749 et
3412 710 3532 749 cum

1967 784 2046 835 his
2074 798 2198 847 una,
2225 784 2329 836 into
2352 794 2471 837 ante
2504 785 2616 843 has.
2646 786 3135 841 ratiocinationibus
3161 768 3532 854 perpettiisque

1956 874 2344 941 precationibus
2381 877 2474 927 has
2504 875 2746 928 tenebras
2777 876 3052 944 dissipare.
3082 876 3211 929 Nam
3252 887 3304 929 et
3346 876 3531 929 beatus

1955 963 2134 1026 David,
2155 978 2372 1032 magnus
2397 964 2483 1017 ille
2505 965 2582 1016 vir
2598 975 2757 1033 atque
2778 965 3055 1029 mirabilis,
3078 965 3157 1018 his
3176 965 3533 1017 medieamen-

1954 1055 2017 1107 tis
2044 1054 2346 1124 frequenter
2375 1069 2499 1108 usus
2521 1064 2619 1118 est,
2652 1056 2834 1123 hisque
2863 1056 3116 1124 plurimos
3143 1055 3351 1108 dolores
3382 1069 3531 1120 pres-

1950 1158 2203 1197 Surarunt
2231 1146 2452 1198 removit
2496 1161 2558 1200 ac
2591 1146 2816 1214 repulit,
2848 1161 2984 1198 nunc
3013 1145 3223 1214 quidem
3250 1159 3427 1208 orans,
3468 1159 3530 1197 ac.

1949 1228 2152 1303 dicens,
2190 1238 2553 1292 Tribulatioues
2589 1239 2754 1292 cordis
2786 1240 2879 1291 mei
2920 1239 3264 1307 multiplicata:
3290 1248 3425 1304 sunt,
3468 1238 3557 1291 de

1949 1329 2319 1381 necessitatibus
2348 1329 2466 1381 meis
2501 1345 2616 1382 erue
2642 1346 2719 1382 me
2760 1328 2927 1397 (Psul.
2954 1328 3043 1382 2i.
3078 1328 3167 1396 l7)
3205 1346 3217 1379 :
3263 1343 3400 1381 nunc
3426 1328 3528 1393 piis

1947 1434 2008 1471 ac
2069 1418 2329 1489 religiosis
2388 1419 2875 1474 ratiocinationibus
2943 1419 3172 1473 admotis
3235 1420 3524 1490 inquiens:

1951 1509 2117 1575 Quare
2157 1511 2310 1563 tristis
2339 1527 2409 1575 es,
2459 1511 2629 1563 anima
2670 1528 2798 1573 mea,
2843 1521 2889 1564 et
2912 1527 3067 1580 quare
3098 1514 3363 1564 conturbas
3406 1511 3531 1563 me?

1947 1599 2112 1667 Spera
2148 1601 2198 1653 in
2222 1599 2349 1665 Deo,
2399 1602 2637 1671 quoniam
2666 1602 2831 1654 adhuc
2866 1601 3138 1669 conﬁtebor
3175 1602 3254 1655 illi
3283 1600 3397 1674 (1’s.
3434 1603 3523 1656 ΑΞ..

1945 1690 2021 1761 5).
2043 1692 2373 1761 Rursumque
2395 1708 2461 1747 ex
2479 1693 2967 1747 ratiocinationibus
2990 1691 3292 1761 ltujustundi
3322 1692 3387 1746 ad
3413 1685 3528 1747 ora-

1946 1783 2118 1836 tiones
2144 1799 2439 1837 conversus
2472 1800 2485 1837 :
2520 1782 2756 1848 Remitte,
2800 1783 2987 1852 inquit,
3018 1784 3160 1847 nti/ti,
3192 1795 3241 1837 ιιι
3264 1784 3529 1851 refrigeret-

1943 1876 2233 1944 priusquam
2271 1876 2466 1941 abeam,
2514 1885 2561 1928 et
2591 1875 2727 1928 ultra
2752 1875 2858 1939 iam
2885 1891 2982 1928 non
3010 1890 3095 1927 ero
3132 1874 3249 1943 (Ps.
3278 1875 3365 1928 '58.
3404 1874 3523 1943 ll);

1942 1977 2099 2034 atque
2120 1966 2196 2017 ab
2225 1966 2554 2019 orationibus
2582 1966 2647 2019 ad
2677 1964 3108 2019 ratiocinationes
3143 1981 3155 2017 :
3203 1964 3337 2027 Quid
3370 1964 3523 2027 enim,

1942 2056 2033 2119 ait,
2057 2056 2179 2107 milii
2198 2066 2267 2107 est
2300 2057 2348 2108 iu
2369 2057 2511 2120 caelo,
2533 2065 2576 2108 et
2596 2072 2626 2107 α
2648 2064 2693 2108 te
2716 2055 2838 2125 quid
2870 2056 3000 2109 colui
3022 2072 3171 2123 super
3197 2064 3377 2107 terram
3402 2053 3521 2125 (Ps.

1944 2147 2029 2198 72.
2057 2146 2187 2215 23)?
2219 2147 2289 2199 Ita
2317 2158 2366 2201 et
2396 2147 2495 2201 Job
2522 2146 2669 2200 uxori
2702 2162 2818 2215 qua:
2854 2146 3012 2199 verba
3039 2144 3297 2199 diabolica
3332 2161 3525 2215 sugge-

1942 2238 2110 2300 rebat,
2139 2236 2630 2290 ratiocinationibus
2658 2236 3034 2301 reluctabatur,
3068 2236 3315 2304 illamque
3355 2236 3526 2290 incre-

1937 2343 2070 2395 pans
2133 2326 2348 2382 dicebat
2376 2329 2596 2392 :Quare
2673 2337 2928 2395 tamquam
2968 2343 3067 2380 una
3110 2328 3377 2380 stultorum
3408 2344 3522 2378 mu-

1940 2415 2115 2469 lierum
2141 2415 2346 2486 loquu‘ta
2364 2417 2452 2470 es?
2472 2417 2529 2471 Si
2547 2415 2677 2471 bona
2697 2418 3007 2483 suscepimus
3035 2417 3096 2469 de
3119 2434 3269 2468 mauu
3295 2416 3517 2479 Domini,

1940 2509 2075 2559 mala
2106 2524 2205 2560 non
2257 2508 2609 2561 sustinebimus
2652 2507 2772 2580 (Job
2801 2508 2854 2559 εὶ.
2890 2508 3020 2577 10)?
3065 2508 3143 2561 Ad
3194 2509 3356 2561 Deum
3399 2525 3526 2562 vero

1940 2599 2184 2667 precibus
2214 2600 2477 2653 utebatur.
2508 2602 2583 2653 Ac
2611 2598 2797 2652 beatus
2830 2598 3019 2650 Paulus
3053 2598 3289 2667 utrisque
3320 2598 3402 2652 his
3436 2616 3523 2652 ar-

1940 2689 2041 2741 mis
2067 2704 2180 2752 cos,
2230 2690 2317 2757 qui
2350 2690 2401 2741 in
2434 2688 2696 2757 pressuris
2733 2704 2797 2742 ae
2824 2688 3209 2741 tcutationibus
3240 2696 3408 2751 erant,
3434 2690 3523 2755 ju-

1939 2780 2115 2844 vahat,
2142 2794 2281 2831 nunc
2304 2779 2513 2848 quidem
2536 2779 2747 2832 dicens:
2773 2778 2835 2832 Si
2855 2789 3017 2831 autent
3046 2788 3187 2831 extra
3208 2779 3526 2848 disciplinam

1939 2871 2075 2933 estis,
2114 2887 2235 2940 ergo
2263 2870 2551 2931 adulter-iui,
2583 2886 2681 2921 non
2703 2870 2835 2937 ﬁlii;
2878 2871 2987 2938 quis
3016 2870 3148 2922 enim
3179 2870 3339 2937 ﬁlius,
3383 2887 3527 2939 quem

1940 2979 2036 3013 uou
2056 2962 2260 3027 corripit
2282 2959 2592 3031 pater(lleb.
2620 2960 2704 3013 l2.
2726 2962 2777 3014 8.
2798 2962 2852 3025 7)
2870 2960 2890 3011 ‘?
2910 2976 3150 3028 nuncque
3174 2977 3221 3011 ot
3238 2975 3351 3023 aus,
3377 2960 3527 3013 Fide-

1939 3052 2020 3112 lis,
2052 3052 2237 3119 inquit,
2270 3050 2405 3102 Deus
2432 3060 2520 3111 est,
2557 3051 2638 3117 qui
2668 3067 2767 3102 non
2800 3052 3017 3116 patietur
3047 3066 3131 3102 vos
3160 3053 3339 3102 tettturi
3372 3068 3525 3120 supra

1938 3143 1989 3192 id
2018 3140 2151 3208 quod
2175 3142 2379 3209 potestis
2400 3139 2597 3209 (|.Cor.
2621 3141 2705 3194 10.
2740 3141 2825 3208 l3)
2852 3158 2868 3194 :
2900 3150 2953 3193 et
2975 3156 3203 3207 rursum,
3238 3141 3299 3194 Si
3328 3143 3528 3210 quidem

1932 3233 2124 3299 justum
2154 3232 2291 3300 apud
2322 3230 2479 3282 Deum
2510 3240 2602 3295 est,
2634 3231 2903 3283 retribuere
2928 3231 3301 3283 retributionem
3328 3232 3406 3285 Itis
3441 3235 3528 3301 qui

1939 3338 2023 3375 vos
2048 3323 2306 3386 tribulam,
2336 3331 2381 3373 et
2400 3320 2532 3374 vobis
2551 3323 2635 3392 qui
2651 3322 2981 3386 tribulamiui,
3008 3323 3226 3391 requiem
3250 3322 3322 3392 (Ξ.
3349 3322 3523 3377 Thess.

1942 3418 1990 3469 1.
2022 3417 2071 3467 6.
2109 3416 2185 3481 7).
2214 3414 2270 3467 Si
2305 3414 2466 3483 igitur
2493 3414 2654 3467 armis
2686 3412 2767 3468 his
2795 3413 2909 3483 ipse
2929 3430 3139 3483 quoque
3180 3430 3304 3467 usus
3342 3413 3524 3481 fueris,

1939 3523 2001 3561 ac
2044 3508 2269 3575 teipsum
2304 3505 2534 3575 perfecte
2563 3505 2797 3574 undique
2841 3507 3157 3570 armaveris,
3189 3506 3525 3575 cogitationi-

1941 3602 2037 3654 bus
2080 3600 2326 3654 maeroris
2368 3596 2656 3653 retuttdens
2698 3598 2974 3667 impetum,
3028 3599 3358 3652 orationibus
3401 3615 3527 3653 vero

1941 3704 2047 3748 tam
2094 3694 2219 3758 tuis,
2267 3707 2425 3761 quam
2469 3693 2693 3746 aliorum
2734 3699 2785 3746 te
2826 3690 2986 3744 veluti
3038 3706 3191 3745 muro
3238 3690 3527 3746 fortissimo

1941 3789 2206 3851 muniens,
2238 3785 2487 3841 celeriter
2511 3784 2809 3853 disciplina:
2830 3784 2984 3837 istius
3015 3785 3275 3852 percipies
3300 3784 3523 3838 fructus.

1939 3880 2054 3932 Non
2077 3879 2218 3931 enim
2248 3877 2350 3931 hoc
2375 3876 2549 3931 solum
2581 3875 2896 3941 lucraberis,
2926 3874 3070 3945 quod
3096 3877 3377 3946 praesentia
3420 3874 3528 3929 for-

1942 3972 2062 4023 titer
2084 3969 2245 4033 feras,
2290 3984 2473 4023 verum
2506 3968 2587 4021 his
2612 3966 3085 4021 exercitationibus
3120 3967 3526 4021 robustissimus

1940 4064 2181 4127 effectus,
2212 4061 2496 4131 nullisjam
2520 4062 2640 4115 vita:
2669 4060 2823 4129 hujus
2848 4060 3092 4115 adversis
3118 4062 3329 4114 casibus
3358 4060 3523 4129 frangi

1943 4159 2022 4210 \‘el
2044 4156 2197 4224 tlcjici
2228 4155 2447 4223 poteris.

1705 4567 1907 4629 ΜΟΝΙ
1922 4569 2083 4629 TUM

230 4896 515 4953 ?alladius
534 4912 679 4959 vero,
712 4897 979 4973 sincerior
1006 4916 1186 4954 rerum
1223 4902 1600 4973 Chrysostomi
1628 4922 1824 4975 przcro,

237 4990 289 5044 iu
319 4990 545 5058 Dialogo
586 4991 750 5043 hasce
785 4993 1064 5047 orationes
1110 4994 1175 5047 ad
1213 4994 1427 5049 initium
1479 4998 1827 5067 episcopatus

234 5077 353 5143 ejus
386 5076 548 5130 refert
583 5095 594 5107 ·
628 5097 645 5128 ι
684 5076 771 5131 Sit:
801 5081 1088 5137 ordinatus
1122 5083 1384 5147 Joannes,
1412 5087 1609 5157 inquit,
1642 5107 1825 5144 rerum

235 5183 422 5221 curam
466 5169 797 5237 aggreditur,
849 5187 944 5239 per
984 5173 1362 5229 rationabilem
1420 5180 1655 5233 fistulam
1694 5199 1826 5237 oves

235 5258 460 5325 probare
485 5274 739 5313 exorsus.
768 5259 913 5315 Raro
937 5276 1116 5317 autem
1148 5266 1413 5321 adhibe-ts
1443 5269 1604 5322 etiam
1627 5274 1823 5340 pedum

236 5350 647 5418 iucrcpationis,
687 5368 994 5407 sermonem
1032 5357 1217 5426 dirigit
1264 5360 1553 5414 adversum
1589 5367 1821 5418 ementi-

231 5450 339 5494 tum
376 5441 605 5495 fratrum
638 5459 999 5516 sowrumque
1032 5450 1365 5516 convictum,
1390 5469 1447 5505 re
1481 5470 1603 5508 \‘cra
1638 5468 1816 5510 autem

231 5542 440 5597 turpem
467 5531 887 5603 improbutnque
912 5540 1245 5603 convictum,
1275 5542 1339 5594 de
1365 5544 1817 5609 suliintrodnctts,

231 5622 619 5685 awstso'txtwv,
678 5635 737 5678 ut
789 5637 1003 5692 vocant,
1052 5644 1230 5701 agens
1290 5634 1717 5704 ostendensque,

232 5712 495 5764 malorum
538 5712 696 5766 detur
745 5716 917 5783 optio,
962 5719 1218 5775 meliores
1257 5722 1374 5775 istis
1425 5724 1644 5779 lenones
1678 5745 1814 5781 esse.

236 5803 312 5856 llli
362 5819 599 5871 namque
650 5809 841 5874 procul
878 5825 907 5863 a
960 5812 1185 5866 medicis
1222 5813 1551 5879 habitantes,
1585 5821 1724 5888 apud
1766 5840 1823 5876 se

232 5898 481 5947 morbum
518 5895 737 5962 habent,
772 5902 863 5954 sed
896 5902 1203 5958 volentibus
1235 5906 1320 5959 :hi
1347 5922 1526 5962 autem
1551 5909 1601 5962 in
1630 5912 1821 5968 salutis

1858 4760 1929 4771 ,-

1939 4908 2153 4962 ofticina
2200 4910 2532 4974 habitantes,
2568 4912 2729 4966 etiam
2767 4928 2932 4967 sanos
2967 4914 3254 4985 impellunt
3286 4918 3349 4970 ad
3383 4936 3535 4973 mor-

1929 5001 2233 5055 buntJtnlc
2265 5019 2389 5071 pars
2424 5003 2551 5057 Cleri
2593 5004 2819 5059 minime
2867 5006 3141 5077 religiosa,
3179 5024 3300 5077 qua:
3332 5015 3526 5065 tnorho

1930 5092 2022 5144 illo
2072 5092 2377 5153 tenebatur.
2429 5105 2701 5148 commota
2735 5106 2837 5149 est.
2884 5116 2900 5147 ι
2945 5098 3065 5152 Ιῖίρρ
3100 5098 3396 5168 Palladios,
3431 5105 3518 5157 cui

1931 5195 2117 5253 utpote
2143 5187 2358 5238 oculato
2398 5187 2518 5239 testi
2554 5187 2708 5241 fidem
2762 5190 2960 5241 habere
3000 5206 3098 5258 par
3136 5203 3235 5244 est.
3272 5193 3527 5249 Sonatcs

1937 5294 2064 5329 vero
2099 5280 2280 5332 omnia
2339 5280 2576 5334 miscuit.
2619 5281 2765 5336 Licet
2811 5294 2990 5337 autem
3042 5285 3154 5338 ha'c
3197 5286 3261 5338 ad
3310 5288 3523 5342 initium

1934 5372 2283 5439 ottlSt'OptilitS
2318 5374 2436 5441 ejus
2476 5374 2756 5428 referenda
2789 5377 2915 5436 sint,
2964 5387 3201 5431 attamen
3249 5380 3433 5433 Savilii
3473 5396 3524 5437 rt

1934 5462 2229 5518 Frontonis
2267 5464 2441 5517 lltttzri
2481 5468 2578 5519 hac
2613 5468 2663 5520 itt
2697 5478 2846 5535 parte
2880 5470 3125 5522 ordinem
3158 5472 3311 5540 sequi
3345 5474 3523 5528 visum

1931 5566 2033 5617 est,
2066 5558 2158 5625 qui
2198 5574 2280 5610 res
2316 5574 2506 5611 omnes
2541 5559 2605 5612 ad
2639 5561 2958 5625 monachos,
2998 5573 3227 5624 sset-tas,
3264 5565 3523 5634 virgines,

1932 5647 2231 5714 viduasque
2259 5658 2567 5716 spectantes
2602 5652 2767 5705 simul
2801 5663 3121 5721 posuerunt.

2002 5735 2507 5807 Interpretationem
2572 5741 2818 5797 Latinam
2876 5745 3066 5799 incerti
3126 5746 3265 5811 viri,
3329 5751 3517 5805 multis

1928 5828 1979 5879 in
2037 5830 2170 5882 locis
2220 5833 2561 5889 emendatam
2624 5852 2653 5891 c
2698 5837 2916 5908 regione
2954 5838 3124 5895 Grtcri
3175 5852 3356 5897 textus
3414 5860 3515 5915 po-

1928 5935 2159 5973 SllllliUS.
