4264 6312
768 317 871 371 $95

1457 313 1511 369 s.
1551 300 1839 368 40.“le
1889 313 2384 370 cnnvsosrout
2426 311 2754 370 annuum.
2805 302 3361 363 CONSTANTIXOI‘.

3950 298 4051 352 ωδ

786 514 4029 552 ____________________________________

2131 738 2665 828 EJUSDEM
2730 776 2737 782 ι

1194 1021 1559 1078 ADVERSUS
1594 1019 1724 1075 EOS
1763 1019 1878 1091 ριν
1927 1017 2105 1078 λΡυι)
2145 1015 2230 1072 SE
2275 1013 2551 1069 HABENT
2592 1012 2918 1069 VIRGINES
2951 1006 3610 1067 SUBINTR‘JDUCTAS.

835 1501 884 1553 1.
919 1497 1202 1565 Majmilms
1244 1498 1438 1548 nostris
1474 1494 1591 1546 dine
1631 1502 1833 1546 tantum
1874 1489 2084 1543 fuerunt
2121 1502 2295 1540 causzc
2319 1527 2332 1549 ,

765 1600 981 1655 prop:er
1018 1601 1148 1655 quas
1196 1584 1507 1637 mulieribus
1544 1582 1640 1635 viri
1687 1580 2067 1635 cohabitarent.
2122 1576 2189 1629 Et
2235 1590 2336 1627 una

764 1676 975 1743 quidem
1021 1687 1169 1728 vetns
1213 1684 1293 1727 est
1331 1688 1392 1726 ac
1426 1673 1569 1742 justa
1600 1670 1896 1740 rationique
1935 1676 2288 1722 consentanea
2322 1680 2334 1716 :

768 1782 957 1835 nempe
984 1764 1397 1829 matrimonium,
1424 1762 1562 1830 quod
1591 1762 1696 1815 Deo
1716 1760 2015 1828 legislature
2041 1757 2335 1810 institutum

766 1868 883 1912 est:
917 1856 1133 1925 Propter
1158 1859 1253 1908 hoc
1292 1856 1463 1919 enim,
1510 1852 1709 1921 inquit,
1755 1851 1992 1914 relinquet
2034 1849 2107 1901 vir
2146 1855 2337 1916 patrem

765 1952 910 2000 suum
930 1955 974 1999 ct
1002 1955 1207 1998 matrem
1228 1961 1391 2009 suam,
1421 1952 1463 1996 ef
1490 1941 1762 1995 adltmebt't
1783 1956 1929 1993 πίνοι
1950 1954 2074 2001 sure,
2102 1946 2340 2000 eruntque

768 2039 867 2091 duo
896 2039 949 2089 in
986 2053 1187 2089 carnem
1213 2052 1364 2088 unum
1392 2032 1545 2102 (Gen.
1572 2032 1627 2086 2.
1655 2030 1781 2100 24);
1812 2032 1974 2083 altera
2002 2043 2128 2081 vero
2158 2042 2339 2079 recen-

768 2131 889 2192 tior,
921 2129 1096 2195 iniqua
1124 2136 1174 2180 et
1203 2126 1303 2194 legi
1334 2125 1577 2189 adversa,
1612 2138 1799 2190 nempe
1826 2120 2123 2181 fornicatio,
2156 2134 2273 2187 qua:
2310 2132 2337 2168 a

770 2220 1013 2287 malignis
1037 2217 1332 2270 introducta
1363 2226 1442 2267 est
1470 2213 1816 2267 dannonibus.
1842 2210 2009 2278 Atque
2040 2217 2216 2261 nostra
2243 2207 2340 2259 hac

768 2318 923 2363 :etate.
964 2310 1149 2361 tertius
1177 2306 1388 2374 quidam
1420 2316 1589 2357 novus
1618 2310 1669 2356 et
1700 2301 1943 2354 insolitus
1973 2314 2087 2351 mos
2113 2297 2335 2366 prodiit,

767 2399 917 2468 cujus
954 2413 1164 2451 causam
1207 2396 1341 2450 hattd
1384 2394 1535 2449 facile
1580 2392 1997 2461 investigaveris.
2027 2390 2156 2443 Sunt
2199 2390 2338 2442 enim

771 2491 1040 2555 nommlli,
1082 2490 1169 2560 qui
1214 2490 1413 2558 puellas
1443 2488 1737 2556 nuptiarum
1786 2486 2086 2555 inexpertas
2123 2483 2337 2535 domum

767 2584 999 2644 ducunt,
1042 2593 1096 2635 et
1126 2596 1292 2650 usque
1324 2579 1374 2634 in
1419 2589 1715 2633 extremam
1742 2588 2064 2630 senecmtem
2112 2573 2339 2626 inclusas

770 2683 950 2728 tenent
974 2689 1037 2727 ac
1064 2672 1262 2737 fovent,
1298 2687 1399 2724 non
1430 2668 1876 2739 procreandorum
1906 2667 2189 2720 liberorum
2218 2678 2341 2733 gra-

771 2767 869 2829 tia,
901 2773 1093 2834 negant
1120 2764 1261 2817 enim
1291 2778 1348 2817 se
1375 2778 1495 2816 cuzn
1538 2762 1640 2814 illis
1671 2776 1779 2813 rem
1811 2760 2039 2821 habere;
2080 2767 2252 2825 neque
2282 2757 2338 2807 Ii-

769 2856 961 2909 bidinis
982 2870 1139 2909 causa
1162 2895 1176 2919 ,
1207 2855 1352 2907 aiunt
1380 2852 1520 2906 enim
1566 2851 1703 2920 quod
1738 2850 1851 2903 illas
1880 2849 2207 2915 incorruptas
2229 2860 2336 2899 scr-

768 2957 889 3001 vent
917 2962 930 2999 :
961 2954 1013 3000 et
1046 2947 1089 3001 si
1120 2944 1241 3013 quis
1268 2946 1334 2999 ab
1365 2943 1442 2997 eis
1468 2957 1677 2996 causam
1708 2939 2001 3009 rogaverit,
2031 2938 2211 2991 dicunt
2241 2937 2338 2990 διὺί

770 3038 960 3091 multas
999 3052 1152 3100 eSse;
1196 3036 1289 3091 sed
1323 3035 1559 3105 lingunt:
1592 3050 1687 3104 ego
1714 3033 1853 3086 enim
1885 3032 2077 3085 nullam
2120 3046 2212 3085 eos
2243 3029 2337 3082 ha-

770 3127 897 3182 bere
927 3127 1265 3186 crediderim,
1296 3143 1411 3196 qme
1444 3127 1523 3180 vel
1551 3129 1765 3178 honesxa
1801 3123 1882 3177 vel
1912 3123 1961 3176 id
2002 3138 2097 3176 nea
2122 3123 2208 3175 sit.
2245 3120 2343 3174 Ve-

768 3232 885 3269 rum
931 3218 996 3271 de
1035 3217 1117 3270 his
1162 3216 1393 3272 nondum
1439 3217 1714 3269 dicemus:
1757 3214 2036 3268 alleremus
2066 3223 2239 3266 autem
2290 3212 2339 3265 in

768 3308 999 3360 medium
1032 3323 1188 3375 quam
1230 3322 1325 3359 nos
1370 3306 1697 3375 potissimum
1728 3320 1939 3359 causam
1988 3304 2336 3372 sn5picamur.

770 3401 834 3453 Et
864 3417 1103 3469 qumnam
1131 3411 1209 3454 est
1237 3400 1361 3453 illa?
1391 3399 1617 3454 Omnino
1638 3438 1652 3462 ,
1686 3399 1728 3451 si
1757 3413 1785 3450 a
1813 3412 1973 3466 scopo
1998 3396 2336 3455 aberravero.

768 3490 846 3544 fas
878 3493 1024 3545 vobis
1050 3501 1131 3546 cst
1176 3501 1232 3546 ut
1272 3508 1355 3545 me
1384 3491 1729 3559 redargnatis.
1766 3490 1827 3544 Et
1865 3504 2103 3557 tpizcnam
2144 3487 2339 3540 causa?

766 3584 885 3652 quis
917 3582 1005 3635 ille
1048 3581 1367 3651 praetentus?
1396 3580 1614 3634 Videtur
1641 3578 1766 3632 mihi
1809 3578 2042 3631 mulieris
2067 3577 2339 3631 convictus

768 3689 871 3726 non
897 3688 961 3728 ex
996 3674 1108 3742 lege
1143 3673 1440 3739 nuptiarum
1484 3669 1675 3733 modo,
1708 3668 1799 3723 sed
1831 3668 1988 3722 etiam
2019 3667 2219 3737 absque
2245 3683 2340 3719 titt-

767 3764 889 3834 ptiis
916 3780 977 3817 ac
1005 3779 1311 3833 congressu,
1347 3762 1627 3831 voluptatis
1662 3760 1858 3815 habere
1900 3761 2158 3815 nonnihil.
2188 3759 2339 3825 Quod

767 3858 808 3911 si
840 3872 940 3909 non
970 3865 1111 3910 recte
1138 3856 1338 3918 sentio,
1368 3872 1470 3908 non
1500 3869 1710 3923 possum
1746 3853 1923 3908 dicere
1948 3872 1962 3909 :
1992 3870 2160 3909 meam
2193 3853 2341 3907 vobis

768 3947 1083 4001 sententiam
1131 3961 1326 3999 narro:
1362 3948 1494 4000 forte
1539 3956 1715 3999 autem
1766 3960 1867 3997 non
1918 3960 2086 3997 meam
2129 3944 2337 4006 solum,

767 4041 940 4093 sedet
986 4040 1229 4105 illorum;
1278 4058 1397 4094 nam
1430 4051 1482 4095 et
1526 4041 1627 4095 illis
1669 4040 1746 4095 sic
1786 4042 2011 4106 videtur,
2039 4041 2175 4110 quod
2217 4040 2339 4095 hinc

772 4134 955 4199 liquet.
987 4132 1209 4187 Tantam
1251 4134 1389 4187 enim
1432 4133 1652 4202 gloriam
1684 4143 1738 4188 et
1768 4142 1906 4186 tanta
1937 4133 2183 4187 seandala
2213 4149 2338 4187 neu-

770 4225 964 4292 liquam
995 4224 1349 4293 deSpicerent,
1383 4226 1482 4279 nisi
1508 4225 1692 4294 ingens
1716 4225 1955 4295 qua-dam
1978 4234 2031 4278 et
2056 4224 2339 4279 vehemens

769 4315 1102 4369 ουιιτιὶιίιειηίιὶ
1127 4315 1373 4386 voluptas
1397 4324 1556 4368 esset.
1580 4314 1727 4382 Quod
1760 4315 1801 4368 si
1836 4315 1972 4369 forte
1997 4322 2342 4369 succenseant

769 4405 1013 4471 quidam,
1061 4404 1200 4472 quod
1234 4404 1346 4458 Itch
1388 4404 1658 4470 dicamus,
1693 4421 1879 4473 preCor
1915 4414 1969 4458 ut
2010 4408 2159 4457 nobis
2189 4406 2339 4459 venia

769 4496 941 4558 tlelur,
972 4495 1214 4563 absitque
1243 4493 1567 4562 indignatio:
1603 4511 1773 4563 neque
1801 4497 1940 4549 enim
1972 4497 2141 4550 lihens
2165 4512 2227 4550 ac
2258 4509 2339 4551 te-

770 4600 915 4639 mere
944 4584 1078 4637 hanc
1106 4584 1432 4638 inimicitiam
1455 4587 1798 4654 susciperem.
1828 4586 1941 4639 Non
1962 4600 2078 4639 sum
2106 4596 2210 4640 tam
2244 4588 2339 4641 mi-

768 4692 855 4729 ser
876 4690 938 4729 ac
958 4688 1309 4739 aerumnosos,
1329 4676 1416 4743 qui
1441 4686 1641 4729 temere
1661 4692 1844 4730 omnes
1862 4676 2128 4731 oﬂ‘endcre
2149 4679 2336 4742 velim;

769 4765 863 4820 sed
896 4763 1045 4817 valde
1087 4764 1241 4817 doleo
1269 4778 1330 4818 ac
1357 4766 1583 4828 crucior,
1614 4776 1667 4818 et
1705 4765 1926 4834 gl0riam
1969 4767 2059 4820 Dei
2096 4767 2340 4836 blaspbeo

769 4860 899 4913 mari
934 4859 1163 4921 intuens,
1196 4867 1244 4911 et
1293 4857 1574 4911 multorum
1600 4858 1821 4911 salutem
1856 4867 2069 4927 propter
2095 4860 2337 4928 volupta.

768 4961 870 5002 tom
920 4948 1056 5002 hanc
1100 4948 1347 5017 paulatim
1397 4950 1590 5017 perire.
1637 4948 1786 5015 Quod
1819 4950 1956 5003 enim
2010 4949 2135 5003 illud
2180 4966 2339 5008 suave

766 5044 852 5097 sit.
886 5050 940 5094 et
970 5040 1187 5109 nuptiali
1211 5041 1479 5093 Consortio
1507 5040 1859 5093 ardentiorem
1893 5043 2059 5110 pariat
2079 5058 2337 5107 amorem,

766 5146 905 5185 nunc
937 5131 1068 5185 forte
1090 5129 1365 5198 stupebitis
1387 5128 1679 5191 audientes,
1705 5130 1795 5182 sed
1825 5131 1906 5184 ubi
1933 5131 1980 5183 id
2009 5131 2341 5185 demonstra-

767 5237 910 5281 vi-ro,
944 5236 1033 5275 vos
1065 5221 1223 5274 etiam
1267 5218 1666 5274 confitebimini.
1699 5220 1903 5273 Etenim
1948 5236 2067 5274 eum
2108 5221 2337 5290 legitima

768 5310 987 5364 inuliere
1012 5310 1261 5379 congredi
1289 5325 1411 5363 cum
1440 5326 1542 5363 non
1579 5310 1643 5363 sit
1671 5313 1885 5363 vetitum
1909 5354 1922 5375 ,
1958 5313 2334 5381 concupist-en-

829 5493 845 5553 ξ
865 5488 1061 5553 Δϊί-ιιιιιις.
1078 5492 1164 5553 sic
1186 5489 1335 5553 habet
1353 5489 1404 5553 in
1425 5487 1587 5553 επεὶ,
1611 5488 1947 5553 Cltrysostomi,
1970 5491 2196 5544 adversus
2235 5494 2341 5551 illos

765 5550 845 5611 qui
856 5550 1023 5613 habent
1044 5549 1247 5613 uirgines
1260 5548 1641 5613 subintrodnctas
1655 5565 1672 5611 ,'
1684 5548 1825 5601 δῖοι-ει
1836 5592 1841 5597 .
1852 5588 1865 5610 ,
1882 5548 2100 5613 Ejusdem
2113 5548 2340 5610 adversus

768 5610 845 5678 eo;
890 5610 973 5673 qui
996 5610 1164 5661 habent
1207 5610 1604 5678 satiati-eductas.
1668 5610 1919 5677 tnterpres'
1931 5628 2073 5678 vero,
2118 5618 2340 5678 Ejusdem

764 5671 1008 5743 adversus
1023 5686 1103 5743 eos
1139 5671 1221 5735 qui
1249 5672 1379 5743 apud
1416 5688 1466 5727 se
1510 5676 1663 5737 (orent
1708 5671 1892 5726 sorores
1933 5671 2178 5740 adoptiva};
2220 5695 2339 5743 quas

759 5733 1140 5792 Ml’flilﬂ‘OdﬂfﬂtS
1152 5733 1344 5785 rerum.

2348 1244 2411 1258 —

2601 1423 2624 1449 Χ

2444 1484 2569 1537 tiam
2602 1484 2777 1549 sedat,
2808 1493 2860 1537 et
2900 1500 3265 1555 smpemnnero
3292 1489 3587 1544 satietatem
3617 1489 3805 1557 affert,
3838 1490 4028 1546 immo—

2443 1571 2619 1625 dicum
2647 1572 2982 1641 restinguens
3012 1574 3278 1628 ardorem.
3315 1576 3575 1631 Prwterea
3609 1589 3788 1648 partus
3815 1589 3868 1633 et
3901 1595 4025 1649 par-

2444 1670 2590 1716 tnum
2616 1661 2858 1728 dolores,
2894 1678 3283 1734 puerorumque
3311 1670 3707 1734 procreationes
3734 1683 3795 1723 ac
3830 1669 4027 1724 educa-

2444 1754 2653 1815 tiones,
2700 1768 2903 1806 necnon
2946 1765 2999 1807 et
3044 1754 3345 1825 frequentes
3383 1760 3471 1828 qui
3509 1774 3572 1813 ex
3618 1759 3701 1815 his
3731 1773 4029 1830 sequuntur

2445 1842 2615 1898 morbi
2645 1856 2837 1912 corpus
2867 1844 3127 1912 afﬂigunt,
3168 1847 3351 1901 ﬂorem
3382 1849 3551 1902 astatis
3579 1850 3872 1904 marcidum
3903 1850 4030 1905 red-

2444 1932 2593 1994 dunt,
2628 1932 3019 2002 invalidumque
3049 1936 3339 2004 voluptatis
3362 1937 3539 1991 calcar
3565 1938 3801 1993 faciunt:
3833 1942 3884 1993 in
3917 1942 4029 1994 vir-

2444 2025 2566 2093 gine
2592 2032 2769 2076 autem
2797 2025 3179 2079 eohabitatriee
3206 2027 3333 2079 nihil
3364 2027 3553 2081 horum
3581 2030 3836 2097 reperies.
3865 2031 4032 2085 Abest

2443 2116 2584 2169 enim
2613 2116 2815 2181 coitus,
2863 2117 2951 2185 qui
2998 2126 3201 2171 natura:
3250 2125 3503 2188 Impetum
3547 2119 3809 2189 deprimat
3837 2132 3890 2175 et
3928 2123 4031 2175 ob-

2445 2206 2658 2269 tundat;
2691 2220 2861 2275 neque
2891 2205 3105 2261 dolores
3132 2217 3345 2275 partus,
3380 2224 3552 2277 neque
3585 2224 3867 2278 puerorum
3900 2211 4034 2264 edn-

2442 2299 2681 2352 cationes
2709 2312 2924 2351 carnem
2970 2313 3300 2353 marcescere
3341 2298 3579 2354 faciunt:
3607 2300 3698 2354 sed
3732 2301 4029 2369 juvenilem
4066 2300 4074 2305 ’

2445 2388 2677 2455 vigorem
2710 2386 2799 2439 ditt
2828 2396 3107 2440 conservat
3130 2430 3143 2447 .
3184 2396 3367 2456 utpote
3399 2389 3595 2443 intacta
3627 2405 3871 2444 manens.
3907 2391 4035 2445 Po-t

2445 2488 2626 2543 partus
2652 2476 2793 2529 enim
2841 2486 2891 2529 et
2923 2477 3268 2532 educationes
3314 2494 3597 2547 puerorum
3646 2495 3871 2550 corpora
3902 2498 4034 2535 uxo-

2444 2580 2561 2617 rum
2590 2564 2879 2619 infirmiora
2912 2552 3076 2631 finnl;
3117 2568 3217 2621 illa:
3258 2579 3434 2622 autem
3464 2586 3628 2639 usque
3660 2573 3709 2624 in
3738 2573 4034 2641 quadrage-

2443 2658 2637 2713 simum
2665 2675 2860 2712 annum
2888 2660 2940 2713 in
2968 2676 3059 2713 sua
3087 2670 3399 2731 permanent
3422 2662 3611 2727 forma,
3645 2674 3697 2717 et
3718 2681 3838 2717 eum
3872 2666 4029 2735 virgi-

2446 2758 2601 2801 nibus
2622 2747 2729 2815 jam
2760 2749 3033 2802 elocandis
3073 2760 3299 2803 certant.
3343 2751 3476 2805 Hinc
3504 2764 3585 2806 est
3623 2752 3763 2820 quod
3808 2753 4030 2808 eohabi-

2446 2845 2621 2891 tantes
2643 2838 2836 2907 duplici
2867 2843 2985 2908 igne
3011 2842 3407 2905 accenduntur;
3441 2858 3561 2896 nam
3584 2853 3637 2897 et
3660 2844 3819 2897 ardor
3844 2860 4032 2900 eorum

2446 2945 2549 2985 non
2581 2934 2924 3002 restinguitur
2942 2935 3081 2988 coitu
3108 2936 3187 2990 eis
3209 2937 3510 3005 interdicto,
3549 2948 3600 2992 et
3632 2940 3841 2994 ardoris
3865 2942 4035 2995 fomes

2445 3033 2626 3075 manet
2670 3024 2797 3076 redd
2826 3034 3015 3094 turque
3044 3027 3288 3081 validior.
3319 3028 3467 3082 Hanc
3506 3046 3606 3099 ego
3646 3030 3802 3100 lmjns
3841 3042 4035 3085 contn-

2446 3110 2616 3165 bernii
2647 3127 2859 3166 causam
2891 3116 3166 3183 suspicor;
3210 3116 3304 3171 sed
3333 3133 3399 3171 ne
3423 3118 3577 3173 valde
3617 3134 4035 3175 succenseamus

2445 3202 2559 3264 eis,
2604 3215 2776 3271 neque
2820 3202 3063 3258 difﬁciles
3108 3206 3273 3259 simus
3313 3217 3365 3260 et
3408 3209 3718 3277 importuni.
3761 3211 3894 3265 Nam
3940 3215 4034 3281 qui

2446 3310 2644 3364 :r-grutn
2669 3297 2779 3347 vult
2806 3298 3103 3361 restituere,
3139 3312 3242 3351 non
3272 3298 3373 3353 hoc
3391 3302 3498 3370 agit
3519 3302 3595 3355 ira
3620 3311 3674 3356 et
3697 3303 4033 3367 verberibus,

2446 3385 2537 3438 sed
2570 3385 2721 3439 offert
2768 3386 3049 3454 pharmaca
3078 3402 3198 3441 cum
3233 3404 3416 3456 magna
3448 3405 3573 3443 cura
3615 3399 3668 3446 et
3706 3391 3898 3445 blanda
3940 3393 4036 3444 ad-

2447 3473 2766 3528 hortatione.
2816 3475 3021 3530 Etenim
3069 3478 3111 3529 si
3144 3477 3211 3530 ab
3242 3478 3343 3531 illis
3375 3494 3559 3547 pmnas
3595 3490 3846 3549 expetere
3878 3482 4034 3537 nobis

2445 3568 2773 3636 pi'opnsllllm
2804 3577 2974 3631 esset,
3011 3578 3064 3622 et
3091 3570 3131 3622 si
3155 3569 3391 3636 jndicum
3418 3570 3657 3624 ordinem
3693 3581 4033 3632 teneremus.

2446 3658 2706 3728 indignari
2736 3670 3038 3730 oporteret;
3072 3661 3165 3714 sed
3187 3663 3230 3715 si
3260 3663 3349 3715 illo
3379 3662 3595 3718 dimi-5a
3619 3664 3945 3719 medicorum
3979 3680 4033 3721 et

2444 3765 2638 3805 curare
2667 3752 2952 3805 volentium
2984 3768 3179 3806 munus
3208 3756 3589 3824 suscipiamus,
3622 3757 3843 3820 hortari,
3875 3760 4030 3813 obse-

2444 3856 2613 3905 crare,
2645 3852 2715 3901 et.
2750 3844 2792 3896 si
2817 3858 2949 3912 opus
2971 3844 3057 3909 sit,
3086 3860 3254 3913 genua
3284 3854 3495 3915 tangere
3524 3862 3657 3915 opus
3682 3859 3782 3912 est,
3808 3859 3865 3902 nt
3891 3852 4032 3919 quod

2443 3932 2706 4000 agendum
2735 3934 3063 4002 suscepimus
3091 3935 3442 4001 perficiamus.
3484 3935 3645 4005 Igitur
3678 3941 4028 4007 quemadmo-

2444 4023 2568 4076 dum
2600 4023 2786 4076 mcdici
2810 4065 2824 4088 ,
2855 4024 2939 4091 qni
2972 4039 3142 4092 a‘gros
3167 4041 3195 4077 a
3227 4026 3346 4079 cibo
3372 4027 3453 4079 vel
3481 4037 3602 4096 potu
3635 4029 3822 4080 nocivo
3845 4044 4032 4082 arcere

2445 4118 2688 4185 cupiunt,
2726 4118 2845 4172 licet
2878 4119 2960 4171 illa
3004 4121 3219 4173 mixtam
3262 4121 3489 4176 haheant
3519 4124 3874 4192 voluptatem,
3908 4136 4030 4181 ante

2444 4208 2622 4260 omnia
2672 4217 2846 4261 tamen
2899 4209 3216 4276 persuadent
3256 4210 3430 4265 inesse
3476 4213 3577 4266 illis
3620 4224 3814 4283 pratter
3864 4232 4026 4269 nocuc

2446 4311 2623 4352 menta
2651 4300 2808 4353 etiam
2853 4300 3073 4353 multum
3109 4304 3476 4363 insuavitatis;
3516 4305 3591 4357 sic
3630 4316 3684 4357 et
3729 4320 3827 4358 nos
3866 4306 4029 4359 facia-

2446 4405 2584 4454 mus,
2609 4392 3073 4445 commonstrando
3098 4393 3197 4447 illis
3219 4393 3358 4462 quod
3381 4395 3699 4449 cohabitatio
3722 4398 3830 4458 illa,
3852 4416 4031 4465 quam

2445 4480 2524 4533 vis
2547 4479 2722 4533 suavis
2742 4490 2793 4534 et
2810 4480 3041 4549 jucunda
3062 4483 3322 4545 videatur,
3349 4487 3643 4552 perniciosa
3669 4486 3759 4550 sit,
3782 4497 3835 4540 et
3863 4489 4032 4540 nihilo

2446 4570 2635 4635 melior
2660 4586 2814 4639 quam
2859 4573 3145 4627 mortifera:
3175 4575 3434 4642 potiones.
3480 4576 3547 4629 Et
3579 4576 3785 4631 videtur
3816 4581 4029 4647 quidem

2445 4661 2666 4714 multam
2700 4662 2891 4716 haltere
2928 4662 3193 4727 l;rtitiam,
3228 4665 3355 4718 la'ct
3398 4676 3573 4720 tamen
3616 4669 3840 4722 multum
3873 4671 3923 4722 in
3969 4688 4029 4724 ea

2445 4751 3008 4824 amaritudiuis,‘quam
3036 4755 3248 4819 animae,
3278 4772 3394 4824 ane
3418 4758 3771 4827 voluptatibus
3794 4761 4030 4815 oblecta-

2447 4849 2550 4901 tur,
2582 4840 2825 4895 infundit.
2850 4842 2977 4895 Nam
3006 4844 3092 4912 qui
3129 4861 3407 4911 persuasus
3438 4846 3677 4910 discedit,
3709 4864 3899 4904 secure
3924 4851 4030 4904 dis-

2445 4931 2603 4986 cedit.
2636 4931 2772 4986 Sane
2802 4933 2888 5001 qni
2933 4945 3074 4987 metu
3118 4946 3170 4988 et
3215 4938 3529 4992 necessitate
3555 4953 3583 4990 a
3614 4938 3803 4992 dilecta
3844 4941 4031 5009 sejun—

2446 5021 2605 5088 gitur,
2639 5020 2822 5075 fortior
2849 5032 3055 5077 amator
3089 5024 3175 5088 fit,
3206 5035 3257 5077 ct
3297 5024 3537 5081 fortassis
3569 5028 3755 5081 iterum
3785 5029 3851 5083 ad
3886 5031 4031 5084 illum

2445 5114 2694 5177 accedet;
2726 5124 2777 5165 at
2819 5115 2862 5166 si
2910 5125 2964 5167 ut
3008 5130 3119 5168 rem
3161 5115 3471 5169 damnosam
3503 5127 3552 5171 et
3592 5134 3825 5172 amaram
3864 5120 4033 5191 fugit,

2448 5203 2848 5273 haudquaquam
2883 5205 3068 5259 iterum
3102 5209 3386 5261 revertitur
3411 5209 3480 5261 ob
3511 5208 3770 5264 calculum
3808 5222 4031 5265 senten-

2448 5293 2529 5344 tia:
2560 5308 2703 5356 sum,
2742 5310 2860 5364 qum
2899 5297 3084 5363 quivis
3122 5299 3435 5351 necessitate
3467 5300 3748 5354 violentius
3781 5301 3854 5353 illi
3907 5318 4032 5370 per-

2446 5384 2651 5439 Snadet.
2683 5386 2958 5451 Quomodo
2983 5404 3110 5457 ergo
3143 5389 3577 5462 [mrsuadehimus
3605 5392 3728 5456 illis,
3760 5394 3900 5463 quod
3932 5394 4031 5448 hoc

2448 5488 2549 5525 non
2583 5474 2749 5527 solum
2782 5488 3001 5540 noceat,
3045 5478 3136 5531 sed
3181 5487 3235 5533 cl
3267 5495 3506 5534 amarum
3534 5481 3638 5534 sit?
3670 5482 3734 5534 Et
3763 5486 4030 5551 quomodo

2448 5563 2621 5629 aliter,
2668 5580 2824 5633 quam
2871 5581 2934 5620 ex
2986 5568 3096 5636 ipsa
3142 5584 3317 5622 rerum
3364 5572 3590 5625 natura?
3638 5571 4032 5642 lntcrrogemns

2446 5669 2571 5721 ergo
2605 5670 2697 5709 eos
2720 5698 2733 5722 ,
2765 5657 2809 5711 si
2850 5659 2969 5727 quis
3012 5674 3191 5713 mensa
3222 5672 3527 5729 sumptuosa
3566 5666 3804 5732 apposita
3828 5706 3842 5727 ,
3872 5669 4031 5721 varih

2446 5737 2871 5811 dnlcissimisque
2914 5744 3067 5811 plena
3096 5743 3321 5810 eduliis,
3364 5745 3633 5802 denuntiet
3664 5748 3889 5804 summis
3930 5753 4026 5805 mi-
