4264 6312
264 355 372 411 ιω

263 469 382 534 nis,
415 481 483 523 ne
523 467 650 538 quid
689 468 1080 537 propositorum
1122 469 1494 538 contingatur:
1523 482 1648 522 num
1688 446 1848 521 vellet

261 559 456 628 aliquis
485 559 551 613 ad
573 559 733 614 talem
763 575 998 614 mensam
1031 559 1310 615 considere
1330 600 1345 626 ,
1386 566 1440 612 et
1460 559 1694 628 seipsum
1719 571 1846 610 cru-

260 651 444 706 ciare?
474 650 588 720 ligo
621 651 802 720 utique
841 666 946 704 non
977 651 1194 718 Opinor;
1227 664 1398 718 neque
1437 649 1578 703 enim
1610 657 1752 702 tanta
1779 662 1845 701 ex

259 751 480 811 aspectu
509 741 777 809 voluptate
817 740 1079 794 frueretur
1101 750 1352 809 quantam
1381 738 1644 792 tristitiam
1672 752 1737 792 ex
1759 737 1845 790 in-

257 834 484 887 terdicto
509 833 834 902 conciperet.
882 831 1019 898 Quid
1056 844 1266 898 autem,
1313 830 1358 884 si
1387 829 1506 900 quis
1546 829 1743 884 sitienti
1791 837 1846 882 et

258 925 450 980 adusto
477 941 586 994 pra:
607 925 692 978 siti
717 925 910 978 fontem
933 923 1206 992 limpidum
1229 932 1283 977 et
1304 937 1490 991 purum
1513 921 1845 976 demonstra-

256 1025 372 1071 tum
409 1033 514 1070 non
543 1017 714 1071 solum
746 1032 848 1069 non
876 1015 1157 1084 degustare
1176 1014 1315 1081 ,‘scd
1344 1028 1410 1068 ne
1445 1013 1697 1067 extremis
1720 1012 1842 1081 qui-

256 1110 378 1162 dem
406 1108 585 1178 digitis
620 1098 928 1176 contingere
967 1107 1325 1176 permitteret,
1357 1119 1424 1158 an
1459 1103 1586 1174 quid
1611 1118 1676 1158 eo
1713 1117 1836 1156 cru-

255 1202 395 1255 ciatu
427 1198 709 1254 acerbius?

327 1294 383 1347 2.
412 1290 678 1345 Tantalus.
701 1321 770 1330 —
797 1290 979 1360 Neque
1023 1290 1143 1357 hic,
1187 1290 1406 1358 opinor,
1454 1287 1582 1342 mihi
1623 1297 1840 1342 contra-

255 1381 452 1435 dixerit
480 1381 635 1435 ullus.
678 1380 904 1434 Tantum
931 1380 1072 1434 cnim
1103 1380 1205 1434 hoc
1230 1379 1428 1434 malum
1454 1386 1538 1433 est
1557 1418 1572 1443 ,
1603 1377 1837 1432 utetiam

257 1471 492 1540 profani,
526 1472 614 1541 qui
642 1472 926 1540 plurimum
964 1472 1142 1526 valent
1169 1472 1226 1524 in
1262 1478 1461 1523 natura:
1490 1469 1760 1538 voluptate
1785 1475 1840 1521 et

258 1565 468 1618 tristitia
499 1564 840 1632 expendenda
860 1606 872 1627 ,
902 1565 1142 1618 volentes
1181 1563 1434 1632 effingere
1467 1562 1722 1632 quosdam
1747 1561 1838 1631 qui

253 1656 408 1710 valde
434 1656 754 1721 cruciantur,
785 1656 938 1709 talem
964 1655 1246 1725 quamdam
1270 1654 1499 1709 fabulam
1525 1654 1577 1708 in
1604 1653 1836 1708 medium

257 1747 549 1815 proferant.
580 1738 932 1801 lntroducitur
953 1747 1003 1799 in
1029 1746 1198 1800 fabula
1220 1745 1431 1814 quidam
1451 1753 1693 1799 extremo
1713 1759 1840 1813 sup-

253 1835 756 1905 plicioafliciendus,
773 1836 856 1889 cui
873 1837 1168 1890 ostenditur
1181 1836 1417 1889 onmium
1434 1835 1671 1890 ciborum
1685 1837 1836 1902 copia

253 1933 309 1978 ct
332 1923 693 1993 praeterfluens
711 1940 865 1992 aqua,
892 1940 989 1979 nec
1011 1925 1322 1980 conceditur
1339 1932 1394 1978 ut
1416 1924 1594 1992 aliquo
1612 1923 1833 1977 istorum

253 2014 461 2068 fruatur
485 2033 497 2066 :
530 2024 581 2069 et
606 2032 724 2070 cum
751 2016 988 2070 extendit
1015 2017 1104 2070 ille
1129 2031 1375 2081 manum,
1405 2016 1581 2069 omnia
1610 2030 1730 2084 qua:
1761 2016 1836 2068 vi-

251 2107 446 2159 dentur
474 2123 499 2158 a
533 2117 670 2160 tactu
702 2108 934 2174 fugiunt,
957 2109 1117 2177 fitque
1145 2107 1247 2162 hoc
1272 2123 1503 2177 semper.
1531 2108 1596 2161 Et
1623 2109 1735 2161 hare
1754 2116 1837 2161 est

251 2201 605 2270 profanorum
640 2197 706 2250 de
733 2196 821 2248 illo
850 2199 1094 2268 supplicii
1125 2213 1322 2268 genere
1361 2198 1553 2253 fabula.
1587 2198 1832 2252 Philoso-

252 2299 479 2367 phorum
510 2308 635 2348 vero
659 2293 872 2363 quidam
892 2290 1232 2360 (Xenophon,
1261 2280 1562 2357 Ᾰπομνημον.
1593 2292 1645 2344 l.
1675 2292 1726 2344 5.
1752 2288 1830 2360 9),

250 2400 371 2437 cum
410 2386 629 2439 vidisset
680 2382 940 2436 sodalium
991 2380 1275 2449 quemdam
1319 2381 1556 2434 osculum
1602 2379 1833 2434 formoso

251 2488 420 2540 I'Ut'l‘O
449 2476 606 2534 dare,
648 2469 1067 2525 admirabundus
1098 2469 1265 2522 dixit:
1295 2468 1391 2523 llic
1417 2470 1608 2538 opinor
1651 2469 1835 2538 praeci-

248 2566 411 2630 pitem
444 2561 593 2616 facile
634 2575 691 2614 se
722 2561 772 2613 in
818 2562 990 2630 ignem
1024 2560 1298 2629 injiceret,
1331 2561 1421 2629 qui
1461 2569 1661 2614 tantum
1692 2561 1742 2613 in
1774 2576 1834 2616 se

252 2657 522 2706 fornacem
548 2652 727 2706 osculo
757 2661 837 2705 cst
863 2667 1021 2706 ausus
1051 2651 1364 2704 accendere.
1391 2651 1501 2719 Ego
1521 2660 1695 2704 autem
1725 2666 1832 2706 non

248 2745 388 2798 idem
448 2744 704 2810 dixerim,
774 2743 913 2812 quod
975 2759 1170 2811 nempe
1241 2743 1647 2796 contubernales
1710 2755 1834 2796 Suas

247 2824 554 2890 osculantur
581 2844 634 2889 et
661 2843 1009 2888 contreeteut.
1041 2836 1111 2887 At
1140 2833 1182 2886 si
1213 2833 1301 2902 qui
1335 2842 1458 2885 sunt
1485 2833 1573 2901 qui
1606 2832 1720 2885 haec
1746 2847 1835 2886 ca-

247 2926 591 2988 lunmientur,
621 2924 986 2978 demoastrare
1018 2923 1233 2977 tentabo
1263 2922 1400 2990 quod
1422 2963 1436 2986 ,
1467 2923 1509 2975 si
1547 2923 1637 2975 illo
1668 2937 1834 2992 usque

246 3018 579 3086 perveniant,
609 3015 793 3068 durius
824 3015 922 3066 sibi
951 3028 1107 3083 quam
1135 3013 1279 3081 prius
1304 3012 1619 3082 supplicium
1648 3027 1831 3065 accer-

244 3119 390 3164 sant.
424 3108 553 3162 Nam
584 3108 628 3160 si
667 3117 913 3174 aspectus
953 3105 1099 3158 solus
1142 3111 1343 3155 tantum
1376 3102 1531 3156 infert
1556 3102 1830 3168 dolorem,

248 3201 463 3269 quando
491 3207 766 3252 contactus
788 3197 1012 3261 accedit,
1047 3206 1104 3249 ut
1128 3204 1210 3248 est
1237 3195 1478 3262 voluptas
1502 3196 1666 3248 multo
1690 3209 1836 3248 cras-

249 3293 362 3344 sior
391 3305 548 3359 quam
590 3299 869 3357 aspectus,
914 3288 982 3341 ita
1030 3286 1288 3354 majorem
1331 3289 1488 3339 struit
1529 3285 1830 3351 flammam,

249 3381 581 3436 acerbiorem
611 3379 771 3432 efficit
795 3378 1066 3440 dolorem,
1101 3385 1154 3431 et
1180 3375 1545 3429 vehementius
1571 3375 1736 3429 feram
1767 3375 1832 3429 il-

250 3475 357 3528 lam
388 3480 685 3540 exasperat.
729 3471 936 3537 Quanto
977 3469 1119 3522 enim
1165 3467 1334 3536 magis
1377 3467 1834 3536 concupiscentias

251 3579 524 3634 augemus,
555 3572 608 3616 et
630 3562 851 3631 plurima
879 3562 956 3614 eis
979 3558 1212 3613 fomenta
1240 3557 1659 3626 suppctlitanius,
1690 3566 1835 3610 tanto

251 3665 307 3710 et
335 3655 548 3708 dolores
575 3652 740 3705 nostri
783 3653 950 3719 magis
988 3648 1351 3703 intenduntur.
1383 3648 1444 3702 Et
1484 3648 1836 3717 quemadmo-

251 3748 378 3800 dum
409 3745 497 3814 qui
525 3758 722 3798 mensa:
748 3752 802 3796 et
828 3741 957 3795 fonti
996 3740 1214 3806 assidet,
1245 3754 1351 3792 non
1380 3739 1457 3793 sic
1485 3738 1710 3792 videndo
1740 3738 1834 3792 do-

253 3839 358 3900 let,
387 3848 446 3889 ut
473 3837 556 3890 cui
602 3835 914 3904 permissum
948 3843 1030 3887 est
1061 3847 1219 3885 manu
1245 3831 1503 3898 attingere
1523 3871 1536 3893 ,
1567 3839 1620 3884 et
1658 3839 1832 3884 tamen

253 3944 322 3981 ne
340 3928 582 3996 degustet
601 3926 937 3994 prohibetur:
962 3924 1037 3977 sic
1060 3925 1238 3992 utique
1259 3923 1347 3990 qui
1372 3922 1433 3974 ad
1457 3920 1830 3975 contrectanda

252 4019 516 4088 virginum
561 4033 784 4085 corpora
826 4015 1203 4080 admittuntur,
1245 4015 1540 4083 graviorem
1588 4014 1835 4067 hauriunt

253 4112 543 4164 cruciatum
575 4126 638 4163 ex
668 4118 808 4163 tactu
839 4124 994 4177 quam
1039 4123 1102 4162 ex
1146 4116 1398 4176 aspectu,
1436 4106 1561 4159 dum
1592 4104 1835 4159 acerbius

254 4203 333 4257 rei
379 4211 532 4255 tat-tte
581 4200 878 4270 privatione
927 4208 1253 4268 torquentur.
1307 4197 1373 4250 Et
1410 4196 1533 4264 quid
1577 4211 1711 4264 Opus
1755 4206 1837 4249 est

257 4295 618 4365 philosophari
657 4309 720 4347 ex
752 4293 910 4346 rebus
948 4291 1221 4344 externis?
1253 4290 1343 4344 Dei
1375 4292 1515 4343 enim
1542 4289 1831 4352 sententia,

259 4385 343 4438 his
369 4384 615 4436 omnibus
652 4383 937 4450 potentior,
982 4383 1092 4449 ipsa
1125 4381 1276 4434 nobis
1312 4379 1544 4434 ostendit
1583 4394 1691 4432 rem
1736 4379 1834 4432 ista

256 4491 377 4530 sesc
404 4475 618 4528 habere.
645 4474 776 4527 Nam
816 4489 935 4527 cum
967 4472 1126 4526 vellet
1156 4472 1342 4540 punire
1369 4469 1536 4522 Adam
1569 4467 1722 4540 (Gen.
1752 4468 1832 4536 5),

259 4582 364 4619 non
397 4565 575 4634 procul
600 4580 627 4616 a
657 4564 900 4632 paradiso
922 4565 1092 4632 ipsum
1122 4562 1359 4615 habitare
1385 4559 1527 4625 fecit,
1555 4559 1648 4613 sed
1671 4575 1836 4628 prope

261 4656 585 4724 paradisum,
615 4665 670 4708 ut
690 4656 990 4708 cmuiouam
1016 4668 1223 4722 poenam
1247 4651 1467 4705 haberet
1487 4667 1515 4704 e
1536 4652 1836 4719 spectaculo

257 4750 357 4802 loci
385 4764 539 4815 quem
567 4747 933 4809 desiderabat,
965 4755 1017 4798 et
1047 4759 1142 4808 eo,
1186 4743 1426 4812 quamvis
1451 4757 1660 4809 semper
1685 4741 1834 4793 illum

259 4850 381 4891 ante
410 4854 467 4891 se
497 4838 731 4900 videret,
781 4836 877 4889 frui
930 4851 1030 4888 n0u
1080 4835 1492 4904 permitteretur.
1536 4833 1654 4886 Jam
1701 4831 1836 4885 forte

258 4929 450 4998 aliquis
476 4927 687 4992 dixerit,
717 4926 782 4979 Et
810 4925 1094 4994 quomodo,
1130 4925 1171 4978 si
1205 4925 1305 4977 hoc
1335 4934 1519 4976 natura
1550 4933 1654 4976 tam
1686 4936 1835 4974 ama-

256 5035 409 5079 runt,
457 5018 693 5086 plerique
738 5026 882 5069 tanto
925 5015 1098 5068 studio
1128 5013 1434 5068 sectantur?
1471 5012 1552 5066 Ad
1598 5012 1697 5065 hoc
1736 5027 1836 5081 ego

256 5098 523 5172 dixerim,
561 5108 699 5162 istud
744 5109 912 5174 ipsum
961 5116 1214 5160 extrema:
1256 5105 1464 5158 illorum
1511 5103 1834 5173 aegritudinis

257 5203 545 5256 niaximum
573 5215 693 5254 esse
718 5209 1104 5268 argumentum.
1134 5197 1266 5250 Nam
1297 5197 1381 5249 hic
1418 5211 1533 5250 tuos
1559 5205 1639 5249 est
1667 5210 1836 5264 (egro-

258 5293 478 5346 tantium
501 5332 516 5357 ,
550 5299 606 5344 ut
635 5300 875 5360 quterant
921 5289 1165 5359 frigidam
1196 5289 1477 5358 quamdam
1499 5338 1513 5355 ,
1555 5287 1836 5355 brevisque

258 5386 515 5453 temporis
540 5384 883 5452 voluptatem,
910 5381 1049 5435 unde
1071 5381 1410 5450 prolixiorem
1434 5380 1532 5434 sibi
1555 5379 1836 5433 conciliant

261 5462 492 5545 pennam.
525 5475 636 5529 Hoc
662 5485 714 5528 et
745 5476 795 5528 iu
828 5474 1249 5529 febricitantibus
1278 5475 1454 5528 videre
1482 5475 1597 5543 quis
1626 5483 1832 5544 potest,

259 5571 348 5639 qui
368 5583 486 5622 eum
505 5568 774 5637 paulisper
791 5568 1056 5622 abstinere
1078 5567 1264 5620 nolunt
1279 5582 1306 5619 a
1325 5565 1706 5621 refocillatione
1725 5582 1838 5618 mo-

261 5669 541 5716 mentanea
572 5661 854 5713 vetitorum
893 5659 974 5712 vel
1004 5659 1394 5711 esculentorum
1420 5657 1504 5711 vel
1528 5657 1834 5727 poculenta-

257 5769 398 5821 rum,
431 5753 646 5823 longum
670 5753 949 5823 quemdam
982 5762 1034 5806 et
1061 5750 1430 5806 difficillimum
1455 5752 1709 5808 invehunt
1729 5767 1832 5810 sun

569 5855 838 5916 ΡΛτιιοι.
886 5850 1002 5913 Gtt.
1051 5850 1304 5916 XLVII.

942 353 1214 425 CONTRA
1256 353 1385 412 EOS
1421 354 1537 423 QUI
1578 349 1777 412 SUBIN
1793 349 2201 410 TRODUCTAS
2237 349 2516 412 HABENT
2554 357 2883 417 VIRGINES.

3440 370 3544 427 498

1961 465 2230 522 morbum.
2261 467 2483 539 Oportet
2522 482 2698 526 autem
2730 485 2788 527 ut
2829 474 2863 528 ii
2892 474 2982 544 qui
3008 474 3145 530 bene
3175 478 3387 546 valent,
3433 497 3541 537 non

1955 572 2140 612 eorum
2169 559 2258 629 qui
2305 561 2442 615 male
2481 561 2680 618 habent
2722 565 3041 621 sententiam
3070 579 3379 639 sequantur.
3406 570 3540 627 Nam

1955 647 2002 703 si
2030 649 2147 705 illos
2173 651 2465 720 sequimur,
2512 663 2567 708 et
2589 669 2617 707 a
2649 655 2855 711 medica
2897 665 3010 712 arte
3048 668 3102 712 et
3138 674 3168 712 a
3199 659 3534 732 philosOphia

1953 739 2449 796 eondemnabimur.
2475 741 2660 812 Neque
2680 745 2822 799 enim
2844 749 3224 816 mgrotantibus
3247 750 3347 806 hoc
3365 751 3540 808 solum

1953 827 2006 882 in
2039 829 2171 884 febri
2197 830 2493 903 contingit,
2535 834 2619 887 vel
2649 835 2699 888 in
2731 836 3011 890 mulierum
3040 852 3243 906 amore,
3273 838 3369 895 sed
3400 847 3456 896 et
3484 840 3538 896 in

1949 919 2150 974 divitiis
2179 930 2233 976 et
2273 922 2334 976 in-
2365 925 2611 978 omnibus
2635 925 2774 979 aliis.
2809 926 3018 982 Etenim
3058 929 3147 997 qui
3189 929 3240 982 in
3286 930 3540 1000 pecunias

1951 1009 2251 1079 insaniunt,
2297 1013 2420 1067 licet
2449 1016 2617 1069 sciant
2645 1016 2786 1086 quod
2819 1017 2852 1071 ii
2895 1018 2983 1089 qui
3014 1034 3174 1089 parva
3203 1019 3319 1075 hazc
3346 1022 3537 1091 indigi:

1949 1099 2344 1168 impartiuntur,
2381 1103 2581 1158 infinita
2609 1107 2718 1160 illic
2747 1107 2884 1160 bona
2920 1108 3151 1178 capiant,
3193 1111 3434 1168 detinent
3458 1121 3537 1168 ta-

1949 1204 2070 1244 men
2098 1206 2159 1244 ea
2185 1202 2240 1247 et
2261 1192 2538 1248 defodiunt
2558 1235 2572 1258 ,
2603 1206 2658 1250 et
2685 1196 2838 1251 bonis
2868 1199 3115 1254 omnibus
3140 1202 3387 1258 excidere
3415 1218 3534 1259 ma-
3592 1225 3595 1227 ·

1951 1279 2099 1345 lunt,
2151 1282 2220 1336 ob
2270 1282 2509 1354 frigidam
2562 1285 2886 1358 brevemque
2935 1289 3072 1346 lianc
3117 1293 3532 1362 voluptatulam,

1947 1386 2106 1440 quam
2149 1382 2346 1428 arterua
2390 1391 2544 1444 poena
2593 1377 2842 1444 liberari,
2891 1391 2945 1435 et
2987 1382 3341 1440 immortalem
3368 1387 3530 1442 vitam

1945 1460 2168 1530 adipisci
2200 1463 2318 1517 illas
2346 1465 2411 1518 ad
2456 1467 2615 1521 breve
2657 1476 2866 1538 tempus
2892 1471 3253 1540 despiciendo.
3289 1476 3401 1531 lloc
3429 1477 3532 1532 uti-

1945 1566 2050 1620 que
2075 1561 2129 1606 et
2171 1553 2274 1607 illis
2299 1556 2587 1626 contingit,
2620 1559 2745 1613 dum
2773 1576 2803 1614 a
2833 1577 2996 1630 parva
3037 1565 3311 1619 oculorum
3334 1582 3534 1624 concu-

1943 1644 2202 1712 piscentia
2231 1646 2437 1714 seipsos
2464 1649 2847 1720 aliquantisper
2873 1656 3146 1709 continere
3177 1657 3421 1712 nolentes
3451 1659 3533 1712 in-

1945 1732 2271 1788 tolerabilem
2301 1735 2400 1789 sibi
2426 1736 2598 1805 ignem
2620 1739 2873 1807 colligunt
2897 1758 2912 1794 :
2942 1752 2994 1796 et
3021 1754 3220 1812 quanto
3247 1746 3450 1802 scilicet
3473 1761 3532 1803 se

1943 1824 2110 1893 magis
2129 1824 2390 1880 obiectari
2412 1837 2616 1896 putant,
2649 1837 2796 1883 tanto
2817 1832 2985 1900 magis
3010 1833 3149 1887 malo
3171 1834 3529 1904 implicantur,

1942 1914 2155 1970 diabolo
2184 1918 2294 1972 suis
2321 1919 2524 1975 artibus
2553 1920 2655 1974 hoc
2692 1934 2913 1978 curante
2941 1924 3007 1978 ad
3049 1926 3432 1983 incrementum
3477 1940 3532 1985 et

1944 2010 2393 2077 perseverantiam
2427 2012 2687 2078 incendii,
2736 2023 2792 2067 ut
2836 2015 3090 2070 ardentes
3113 2027 3167 2071 et
3200 2017 3532 2074 delectentur

1942 2108 1997 2154 et
2023 2099 2266 2167 doleant,
2311 2102 2598 2157 absurdum
2645 2105 2914 2174 quoddam
2955 2115 3428 2176 temperamentum
3476 2111 3530 2167 in

1941 2191 2219 2246 animabus
2245 2193 2354 2246 suis
2380 2192 2694 2250 efficientes.

2012 2283 2064 2336 5.
2111 2282 2228 2336 Jam
2266 2299 2395 2337 vero
2443 2285 2486 2338 si
2533 2286 2652 2355 quis
2697 2301 2796 2340 nos
2842 2288 3266 2359 intemperantiae
3306 2291 3376 2347 ob
3414 2291 3529 2347 hac

1943 2371 2108 2426 verba
2133 2373 2453 2429 condemnet
2479 2375 2750 2445 (strenuos
2775 2378 2915 2431 enim
2948 2378 3091 2433 viros
3122 2390 3317 2436 etcum
3342 2383 3526 2438 mulie-

1942 2463 2089 2517 ribus
2113 2464 2430 2528 habitantes,
2454 2466 2582 2519 nihil
2601 2482 2762 2535 grave
2786 2466 2935 2539 pati),
2963 2469 3145 2525 beatos
3165 2471 3378 2541 quidem
3405 2471 3529 2527 dio'o

1939 2555 2030 2624 qui
2061 2556 2190 2610 tales
2215 2557 2338 2619 sint,
2359 2565 2413 2611 et
2434 2557 2624 2611 vellem
2647 2561 2805 2612 etiam
2834 2561 2944 2629 ipse
2971 2561 3072 2615 hoc
3093 2564 3284 2618 robore
3304 2564 3527 2620 donari:

1941 2656 1994 2701 et
2021 2647 2135 2714 ipse
2160 2647 2372 2716 quidem
2403 2647 2540 2703 forte
2571 2648 2808 2704 adducor
2843 2660 2898 2704 ut
2920 2652 3134 2706 credam
3164 2668 3320 2722 posse
3346 2655 3528 2724 hujus-

1941 2737 2086 2791 modi
2114 2739 2255 2793 viros
2279 2739 2499 2808 reperiri
2527 2758 2538 2791 :
2567 2740 2756 2794 vellem
2785 2750 2961 2796 tamen
2990 2759 3084 2799 eos
3107 2746 3195 2815 qui
3222 2761 3324 2801 nos
3349 2762 3527 2817 repre-

1941 2825 2176 2880 hendunt
2199 2869 2214 2892 ,
2257 2843 2414 2897 posse
2458 2829 2559 2883 hoc
2599 2831 2750 2884 nobis
2782 2834 3133 2900 persuadere,
3169 2837 3312 2906 quod
3342 2838 3527 2893 adole-

1941 2931 2095 2972 scens
2119 2919 2324 2995 fervens
2346 2936 2587 2988 corpore,
2617 2923 2911 2991 puellaque
2937 2925 3448 2993 virginicolzabitans
3472 2939 3526 2984 et

1941 3006 2004 3059 ad
2040 3007 2198 3060 latera
2230 3009 2345 3077 ejus
2373 3009 2633 3076 assidens,
2667 3019 2721 3065 et
2744 3012 2900 3066 simul
2930 3029 3168 3075 caenans,
3189 3024 3242 3070 et
3269 3032 3363 3085 per
3385 3017 3524 3072 diem

1938 3107 2107 3153 totum
2127 3100 2493 3169 confabulans,
2523 3113 2580 3157 ut
2609 3104 2741 3157 nihil
2772 3105 2910 3158 aliud
2943 3121 3227 3176 apponam,
3261 3109 3522 3179 intempe-

1941 3195 2105 3246 slivos
2143 3194 2282 3248 risus
2307 3205 2360 3248 et
2384 3195 2579 3250 effusos
2610 3198 2898 3251 cachinnos
2919 3210 2975 3253 et
3001 3200 3180 3254 mollia
3211 3201 3371 3255 verba
3393 3242 3410 3267 ,
3440 3210 3524 3256 at-

1939 3299 2042 3352 que
2068 3284 2167 3336 alia
2197 3300 2315 3353 qute
2339 3285 2483 3339 dictu
2507 3286 2784 3341 inhonesta
2811 3305 2824 3350 ;
2851 3289 2941 3343 sed
2974 3289 3026 3344 in
3047 3290 3255 3356 eadem,
3289 3291 3524 3361 inquam,

1941 3374 2186 3430 habitans
2221 3377 2382 3432 domo
2410 3378 2688 3448 eidemque
2729 3383 3126 3436 communicatis
3171 3397 3369 3437 mensa:
3391 3423 3406 3448 ,
3437 3383 3526 3438 ubi

1942 3467 2104 3520 multa
2134 3476 2215 3520 est
2246 3466 2470 3533 libertas,
2487 3469 2771 3522 verborum
2795 3511 2809 3533 ,
2843 3479 2897 3523 et
2933 3471 3074 3523 ultro
3114 3471 3352 3540 citroque
3389 3473 3527 3526 acci-

1940 3559 2158 3627 piuntur
2187 3559 2349 3613 multa
2379 3560 2706 3630 danturque,
2737 3561 2878 3614 nulla
2917 3562 3262 3616 humanarum
3284 3561 3512 3617 affectio

1942 3664 2066 3702 nmn
2097 3649 2338 3718 capiatur
2357 3690 2371 3715 ,
2402 3649 2494 3703 sed
2526 3665 2687 3718 purus
2718 3666 2746 3702 a
2778 3651 2916 3704 mala
2947 3651 3218 3720 voluptate
3245 3659 3300 3706 et
3324 3666 3512 3706 concu-

1941 3740 2196 3813 piscentia
2226 3750 2570 3809 permaneat:
2604 3742 2796 3796 vellem
2828 3742 2943 3795 haec
2978 3742 3046 3795 ab
3076 3743 3156 3795 his
3188 3742 3277 3811 qui
3309 3757 3407 3796 nos
3433 3759 3523 3796 ar-

1940 3844 2106 3903 guunt
2130 3849 2215 3887 me
2241 3833 2419 3887 doceri
2451 3849 2629 3903 posse,
2661 3834 2753 3887 sed
2786 3850 2957 3902 neque
2989 3835 3083 3902 ipsi
3112 3835 3292 3888 volunt
3319 3835 3520 3896 doceri,

1941 3933 1995 3977 et
2023 3925 2175 3978 nobis
2217 3923 2332 3978 bazc
2367 3925 2430 3978 ad
2463 3925 2824 3979 defensionem
2865 3924 3204 3978 afferentibus
3234 3925 3527 3979 reclamant

1940 4015 2089 4084 quasi
2119 4016 2531 4084 impudentibus,
2557 4015 2744 4069 eodem
2772 4031 2877 4085 quo
2905 4016 2999 4084 ipsi
3027 4015 3212 4070 morbo
3239 4016 3522 4085 correptis,

1943 4106 2315 4174 propriamque
2337 4106 2913 4174 tegentibusmalitiam.
2936 4109 3001 4161 Et
3020 4106 3143 4176 quid
3169 4106 3283 4161 hmo
3307 4106 3373 4161 ad
3403 4122 3523 4171 nos,

1943 4197 2151 4264 inquit?
2180 4194 2361 4264 Neque
2391 4213 2486 4250 nos
2513 4211 2696 4250 sumus
2722 4198 2935 4251 obnoxii
2967 4196 3284 4265 insipientia:
3310 4197 3522 4260 aliente,

1944 4300 2115 4354 neque
2139 4325 2153 4349 ,
2197 4286 2241 4340 si
2283 4287 2400 4354 quis
2421 4287 2580 4340 stulte
2615 4287 3017 4351 scandalizatur,
3062 4287 3249 4356 dignus
3277 4302 3376 4357 ego
3404 4302 3522 4341 sum

1941 4378 2030 4446 qui
2061 4393 2244 4445 poenas
2268 4378 2388 4430 dem
2424 4379 2492 4431 ob
2534 4378 2676 4432 illius
2707 4379 3081 4446 insipientiam.
3122 4379 3227 4433 Sed
3279 4380 3379 4434 hoc
3418 4394 3524 4433 non

1943 4469 2072 4520 dixit
2102 4469 2321 4534 Paulus,
2354 4469 2446 4522 sed
2485 4467 2640 4536 jussit
2665 4478 2756 4534 ut,
2783 4469 2851 4522 “si
2892 4469 3086 4536 injuste
3127 4469 3517 4524 scandalizctur

1943 4561 2153 4628 aliquis,
2181 4537 2605 4629 ejusdnfirmitati
2629 4561 2955 4614 consulatur.

2017 4652 2273 4716 Quantum
2308 4654 2516 4722 quisque
2545 4668 2716 4704 cavere
2760 4651 2935 4711 debeat
2975 4668 3035 4704 ne
3070 4653 3184 4706 aliis
3218 4650 3523 4718 o/fendiculo

1942 4745 2022 4796 sit.
2046 4772 2117 4782 —
2141 4743 2289 4796 Tunc
2315 4743 2456 4797 enim
2492 4743 2661 4796 solmn
2700 4743 2987 4795 liberamur
3011 4759 3038 4795 a
3075 4758 3249 4809 paena,
3282 4758 3400 4812 qua:
3427 4756 3524 4810 p0-

1943 4836 2040 4889 sita
2067 4845 2147 4888 est
2172 4835 2221 4887 in
2247 4850 2336 4887 eos
2361 4835 2447 4904 qui
2477 4834 2780 4887 scandalum
2805 4833 2932 4886 dant
2952 4835 3086 4893 aliis,
3111 4834 3152 4886 si
3175 4849 3238 4887 ex
3271 4833 3524 4887 seandalo

1943 4926 2080 4978 aliud
2119 4925 2385 4995 quoddam
2427 4926 2629 4978 lucrum
2669 4934 2913 4977 nascatur
2948 4924 3118 4992 majus
3144 4925 3339 4978 damno
3382 4924 3522 4994 quod

1943 5035 2005 5072 ex
2037 5019 2286 5072 seandalo
2312 5017 2391 5070 fit.
2420 5017 2674 5086 Adeoque
2702 5017 2746 5069 si
2778 5018 2878 5070 hoc
2904 5031 3006 5068 non
3030 5014 3208 5081 fuerit,
3234 5026 3287 5070 et
3314 5015 3415 5069 hoc
3445 5031 3526 5069 so-

1948 5113 2058 5164 lum
2088 5109 2398 5173 obvenerit,
2431 5118 2486 5161 ut
2513 5108 2936 5162 scandalizentur
2962 5106 3051 5160 alii
3077 5147 3091 5170 ,
3132 5109 3244 5160 sive
3269 5107 3338 5160 ob
3364 5106 3523 5160 ratio-

1943 5219 2064 5259 nem
2100 5204 2325 5271 aliquam
2345 5243 2358 5267 ,
2389 5203 2500 5256 sive
2528 5201 2596 5254 ob
2632 5201 2829 5253 nullam
2856 5241 2869 5262 ,
2912 5200 3022 5254 sive
3049 5209 3104 5253 ut
3136 5199 3326 5253 infirmi
3356 5197 3527 5260 offen-

1943 5296 2153 5358 dantur,
2197 5295 2409 5363 sanguis
2438 5295 2644 5347 illorum
2676 5308 2835 5362 super
2861 5301 3017 5360 caput
3059 5301 3296 5346 nostrum
3316 5330 3334 5356 ,
3365 5298 3421 5346 et
3455 5306 3518 5346 ex

1943 5389 2188 5442 manibus
2216 5388 2412 5441 nostris
2446 5387 2582 5439 Deus
2619 5387 2823 5439 animas
2851 5385 2981 5438 tales
3012 5385 3265 5454 requiret.
3304 5384 3369 5438 Et
3394 5399 3519 5453 pro-

1943 5490 2062 5550 pter
2093 5480 2212 5541 boc,
2242 5495 2306 5531 ne
2336 5494 2429 5546 per
2450 5477 2626 5531 omnia
2650 5478 3036 5545 negligeremus
3065 5475 3146 5529 vel
3170 5476 3523 5544 abjicercmus

1941 5589 2034 5627 eos
2063 5572 2254 5639 quibus
2281 5569 2599 5625 offendieulo
2640 5583 2822 5622 sumus
2847 5609 2862 5632 ,
2895 5568 3153 5622 terminos
3181 5565 3439 5640 quosdam
3471 5578 3520 5620 et

1942 5663 2156 5733 regulas
2183 5662 2334 5716 nobis
2362 5660 2604 5715 Christus
2627 5659 2988 5730 praescripsit:
3020 5673 3142 5713 nam
3172 5666 3227 5712 et
3255 5656 3355 5712 hoc
3377 5666 3433 5712 et
3462 5658 3521 5712 il-

1946 5755 2033 5810 lud
2067 5753 2206 5821 fecit,
2239 5763 2391 5823 prout
2422 5762 2630 5824 tempus
2657 5751 2974 5822 postulabat.
3006 5750 3292 5814 Enimvero
3312 5764 3429 5806 cum
3457 5751 3521 5806 de

3115 5858 3195 5920 9.9
