4264 6312
792 295 896 351 L99

788 421 972 465 natura
999 410 1239 465 ciborum
1262 409 1562 472 dissereret,
1583 418 1637 464 et
1662 407 1964 464 ostenderet
1984 424 2099 463 eam
2124 423 2240 463 esse
2270 424 2364 477 pu-

781 518 921 568 t‘aln,
941 509 990 555 et
1007 515 1034 553 a
1051 499 1268 555 Iudaica
1285 501 1648 554 observatione
1666 500 1934 566 liberaret,
1953 500 2105 554 Petro
2124 500 2364 568 ingresso

766 604 833 644 ὀι
849 591 1080 657 dicente,
1093 590 1578 657 Scandalt'zatisunt,
1595 592 1722 646 dixit
1738 609 1750 645 :
1768 593 1891 646 Sine
1902 593 2034 660 ipso:
2050 589 2255 664 (tllatth.
2271 590 2358 646 15.

784 685 871 736 li.
905 684 1031 754 H).
1070 685 1134 737 Et
1174 700 1276 736 non
1315 684 1483 737 solum
1512 683 1784 752 despexit,
1817 684 1942 752 quin
1971 693 2023 737 et
2051 683 2312 736 accusavit
2344 700 2356 734 :

791 776 970 828 Urania
997 775 1126 828 enim
1154 777 1398 844 plantatio
1423 817 1436 839 ,
1468 792 1620 845 quam
1645 792 1741 828 non
1772 774 2014 844 plantavit
2039 773 2194 827 Pater
2221 791 2358 826 mea:

778 867 1020 932 calcatis,
1066 866 1398 919 erodit-obitur
1428 865 1532 935 (Ib.
1565 879 1610 914 r.
1641 864 1751 931 15).
1798 863 1871 918 Ita
1915 865 2080 932 legem
2119 864 2184 916 de
2225 865 2355 918 cibis

785 958 986 1011 irritam
1019 956 1162 1011 fecit.
1195 956 1292 1011 Ubi
1319 966 1492 1009 autem
1523 955 1608 1023 qui
1637 955 1886 1024 petebant
1913 954 2218 1008 didrachma
2244 995 2257 1016 ,
2286 951 2352 1006 ad

780 1048 998 1102 Petrum
1027 1047 1341 1102 accedentes
1367 1047 1635 1107 dixerunt,
1669 1044 1911 1114 Magister
1940 1056 2054 1098 tuus
2082 1063 2180 1098 non
2207 1046 2353 1098 solt-il

775 1135 1085 1187 didrarlnna
1108 1135 1336 1203 (Matth.
1364 1137 1447 1189 17.
1471 1137 1541 1188 2'5
1558 1137 1599 1204 ).
1623 1145 1754 1188 tunc
1782 1151 1888 1188 non
1910 1135 2048 1188 idem
2071 1135 2179 1202 egit
2203 1135 2347 1188 sicut

776 1228 1066 1287 antea,sed
1087 1229 1348 1280 rationem
1365 1229 1550 1281 habuit
1579 1227 1843 1290 scandali,
1866 1235 1920 1282 et
1947 1228 2052 1280 ait:
2082 1225 2146 1279 Ut
2171 1235 2346 1280 autem

770 1332 872 1368 non
897 1316 1291 1369 scandalizemus
1321 1318 1484 1383 ipsos,
1521 1316 1658 1368 mitte
1685 1317 1887 1367 hamum
1907 1315 1957 1368 in
1989 1316 2160 1382 mare,
2191 1325 2237 1369 et
2265 1317 2343 1385 pi-

765 1422 895 1458 scem
919 1406 1004 1474 qui
1030 1407 1243 1474 primunt
1272 1422 1498 1475 egressus
1522 1407 1670 1475 fuerit
1694 1407 1830 1472 tolle,
1853 1407 2164 1477 inveniesque
2184 1409 2232 1459 in
2257 1421 2344 1460 ore

771 1499 878 1562 eius
923 1507 1154 1549 stateram
1181 1513 1198 1550 :
1229 1498 1358 1549 hunc
1387 1508 1641 1566 acceptum
1680 1497 1745 1548 da
1784 1514 1874 1566 pro
1915 1514 1992 1550 me
2034 1508 2080 1551 et
2126 1508 2172 1550 te
2213 1497 2337 1570 (Ib.

773 1587 897 1641 r37
925 1588 962 1656 ).
991 1588 1150 1641 Vides
1180 1583 1335 1641 modo
1356 1598 1647 1650 curantem,
1680 1587 1838 1644 modo
1866 1586 1993 1641 nihil
2023 1598 2292 1644 curantem
2317 1590 2338 1643 ?

763 1675 890 1729 Nam
920 1677 1019 1731 hoc
1040 1678 1159 1731 loco
1187 1677 1317 1730 nihil
1343 1676 1491 1730 valde
1529 1676 1790 1729 referebat
1819 1676 2040 1746 gloriam
2071 1679 2334 1750 Unigeniti

762 1768 980 1821 revelari
1007 1786 1021 1822 :
1048 1768 1314 1838 quomodo
1343 1769 1484 1822 enim
1511 1809 1525 1833 ,
1552 1782 1670 1820 eum
1701 1777 1754 1822 et
1783 1769 1901 1822 alibi
1931 1770 2192 1824 studuerit
2216 1788 2333 1825 eam

758 1858 1112 1922 obumbrare,
1149 1859 1560 1928 prmeeperitque
1603 1859 1955 1926 multitudini,
1992 1876 2058 1914 ne
2096 1861 2332 1914 dicerent

756 1949 900 2016 quod
925 1950 1037 2017 ipse
1057 1959 1199 2005 esset
1221 1949 1494 2004 Christus?
1522 1948 1587 2003 Et
1616 1958 1889 2019 propterea
1914 1950 2040 2004 nihil
2061 1950 2238 2005 damni
2264 1967 2330 2005 ex

755 2055 820 2092 eo
861 2038 998 2108 quod
1043 2040 1293 2108 dependit
1325 2040 1632 2095 didrachma
1668 2056 1680 2094 :
1713 2042 1756 2095 si
1795 2053 1969 2095 autem
2003 2058 2104 2095 non
2133 2043 2324 2094 solvis-

752 2137 854 2193 set,
882 2144 1065 2199 magna
1094 2129 1213 2184 inde
1237 2139 1355 2184 nata
1384 2130 1603 2184 fuissent
1628 2131 1764 2185 mala
1791 2147 1940 2185 :nam
1963 2140 2019 2184 ιιι
2048 2141 2324 2202 tyrannum

752 2227 800 2271 et
831 2219 1184 2273 obluctantem
1214 2229 1266 2274 et
1291 2221 1515 2274 civitatis
1544 2222 1806 2275 universae
1835 2222 2104 2275 inimicum
2129 2263 2142 2284 ,
2173 2233 2223 2275 et
2273 2225 2322 2275 in

751 2317 985 2363 extrema
1011 2311 1239 2378 pericula
1262 2311 1601 2380 injicieutem,
1627 2312 1804 2382 utique
1826 2315 2055 2367 aversati
2079 2312 2319 2368 fuissent.

751 2397 1033 2468 Propterea
1067 2400 1206 2468 ipsos
1234 2400 1322 2468 qui
1354 2401 1599 2455 volebant
1631 2402 1799 2469 ipsum
1828 2417 2035 2470 rapere,
2065 2413 2118 2456 et
2147 2403 2318 2458 facere

750 2502 947 2556 regem,
975 2488 1183 2558 longius
1208 2489 1355 2559 fugit,
1389 2506 1610 2560 eamque
1636 2491 1938 2560 opinionem
1969 2506 1996 2543 τι
2029 2493 2205 2545 multis
2229 2493 2316 2560 qui

743 2579 881 2631 circa
909 2578 1080 2649 ipsum
1110 2589 1261 2635 erant
1289 2581 1496 2651 repulit.
1526 2581 1695 2635 Priori
1709 2593 1894 2636 ‘autem
1928 2582 2044 2637 loco
2074 2597 2318 2636 necessa-

746 2671 883 2724 rium
909 2683 1024 2726 erat
1052 2672 1104 2725 id
1133 2673 1272 2742 quod
1300 2673 1551 2742 agebatur
1581 2690 1591 2723 :
1627 2672 1745 2727 ideo
1785 2673 1984 2727 utiliter
2015 2688 2077 2727 ac
2109 2682 2314 2742 tempe-

739 2761 874 2814 stive
893 2772 943 2817 et
966 2771 1021 2815 ut
1044 2763 1094 2822 in
1122 2762 1323 2816 meliori
1345 2775 1504 2831 Opere
1519 2763 1835 2832 contempsit
1863 2763 2186 2818 scandalum.
2220 2765 2315 2818 Et-

739 2857 879 2910 enim
893 2856 1044 2910 valde
1073 2856 1293 2924 tempori
1308 2856 1628 2924 congruebat
1656 2856 1723 2910 ad
1751 2873 2050 2926 supremam
2081 2857 2312 2926 philoso-

737 2947 912 3017 phiam
941 2960 1252 3001 ascensuros
1282 2962 1385 2999 non
1417 2945 1698 3015 prohibere
1724 2956 1779 3001 ut
1803 2948 1998 3002 Judmis
2023 2965 2136 3002 mos
2160 2964 2309 3018 gere-

735 3049 910 3103 retur;
933 3037 1024 3091 sed
1051 3037 1200 3092 abire
1219 3046 1442 3091 vocante
1466 3047 1705 3107 tempore
1732 3038 1794 3091 ad
1816 3039 1976 3093 animi
2003 3041 2303 3106 puritatem,

734 3148 901 3200 neque
930 3131 1182 3186 retardari
1212 3130 1470 3199 corporali
1498 3130 1884 3193 observatione,
1916 3131 2008 3182 sed
2039 3147 2066 3182 a
2100 3131 2185 3182 vili
2219 3132 2302 3184 illa

729 3238 854 3278 cura
895 3223 1074 3277 eximi.
1115 3223 1203 3276 Sic
1244 3231 1296 3276 et
1335 3222 1525 3275 Paulus
1564 3220 1722 3273 modo
1755 3220 2070 3290 contempsit
2094 3237 2184 3274 eos
2214 3221 2302 3291 qui

727 3313 1232 3380 scandalizabantur,
1249 3311 1404 3367 modo
1425 3328 1530 3365 non
1551 3312 1883 3381 contempsit,
1901 3311 2198 3379 Magistrum
2219 3327 2302 3367 se-

727 3422 912 3476 quens,
945 3415 997 3461 et
1024 3406 1156 3460 dixit
1185 3423 1198 3459 :
1233 3406 1333 3458 Per
1359 3405 1526 3458 omnia
1557 3405 1784 3458 omnibus
1812 3407 2003 3472 placeo,
2038 3422 2135 3458 non
2160 3423 2299 3474 qua:-

725 3513 843 3551 rens
868 3497 1000 3566 quod
1027 3497 1146 3549 mihi
1173 3495 1294 3549 utile
1319 3505 1411 3557 est,
1436 3497 1523 3549 sed
1555 3495 1687 3563 quod
1718 3494 1906 3559 multis,
1937 3505 1991 3550 ut
2018 3497 2144 3548 salvi
2169 3497 2297 3563 ﬁant

727 3588 814 3656 (1.
849 3586 964 3640 Cor.
995 3586 1077 3640 10.
1110 3586 1241 3657 55).
1285 3586 1338 3640 Si
1368 3595 1541 3639 autem
1579 3586 1770 3639 Paulus
1810 3601 1957 3638 suam
2003 3587 2290 3640 contemnit

722 3678 1022 3744 utilitatem,
1055 3687 1109 3730 ut
1139 3677 1365 3731 inveniat
1393 3675 1531 3745 quod
1562 3675 1738 3729 multis
1764 3659 1948 3744 prosit,
1976 3686 2170 3745 quanta
2193 3691 2294 3730 nos

719 3768 861 3836 digni
889 3768 1086 3821 erimus
1114 3781 1269 3835 perna
1297 3806 1310 3830 ,
1353 3766 1396 3818 si
1439 3779 1608 3832 neque
1639 3765 1904 3833 proprium
1936 3763 2165 3834 fugimus
2194 3763 2290 3819 da-

719 3875 922 3922 mnum,
944 3866 998 3912 ut
1020 3858 1350 3911 inveniamus
1373 3855 1511 3926 quod
1536 3856 1660 3910 utile
1685 3857 1750 3909 sit
1773 3856 1910 3921 aliis,
1935 3857 2027 3910 sed
2053 3871 2148 3910 nos
2169 3872 2292 3926 quo-

717 3967 819 4019 quc
838 3965 956 4004 cum
981 3949 1099 4002 aliis
1115 3949 1345 4004 suaviter
1363 3948 1652 4018 perdimus,
1676 3963 1793 4001 cum
1824 3963 2098 4017 possemus
2119 3958 2169 4003 et
2191 3964 2288 4004 nos

716 4045 858 4112 ipsos
887 4053 938 4096 et
961 4042 1094 4094 alios
1118 4056 1329 4095 servare
1349 4040 1372 4093 ?
1393 4041 1680 4108 Propterea
1701 4056 1818 4094 cum
1843 4041 1985 4095 videt
2013 4042 2181 4110 majus
2208 4044 2288 4096 lu-

714 4147 861 4186 crum
891 4147 1046 4200 quam
1077 4131 1326 4184 damnum
1353 4171 1368 4196 ,
1397 4131 1682 4184 contemnit
1717 4145 1808 4184 eos
1846 4132 1935 4200 qui
1979 4133 2283 4186 scandalum

716 4223 982 4292 patiuntur
1013 4239 1026 4274 :
1059 4221 1147 4274 ubi
1189 4232 1363 4275 autem
1413 4221 1615 4274 lucrum
1657 4221 1798 4275 videt
1841 4222 2079 4285 nullum,
2111 4223 2282 4276 solum

713 4325 891 4367 autem
930 4313 1234 4368 scandalum
1281 4311 1402 4366 inde
1444 4314 1695 4378 evenire,
1735 4313 1911 4366 onmia
1941 4323 1994 4365 et
2036 4313 2205 4367 facere
2231 4322 2285 4367 et

713 4405 816 4469 pati
839 4412 1051 4471 paratus
1073 4412 1154 4457 est
1184 4417 1249 4455 ne
1270 4401 1494 4455 eveniat.
1524 4401 1584 4454 Et
1609 4417 1710 4454 non
1733 4401 1966 4470 disputat
1987 4403 2106 4454 talia
2137 4418 2284 4457 more

710 4502 933 4546 nostro:
968 4506 1072 4545 non
1112 4493 1247 4545 enim
1291 4491 1452 4554 dicit,
1479 4489 1655 4555 Quare
1696 4499 1818 4544 sunt
1861 4491 2093 4544 infirmi?
2118 4508 2283 4562 quare

711 4585 824 4637 sine
852 4597 1011 4636 causa
1039 4582 1115 4636 sic
1143 4581 1314 4634 affecti
1345 4581 1510 4634 sunt?
1538 4580 1631 4635 sed
1658 4596 1718 4634 ea
1748 4582 1814 4635 de
1839 4597 1997 4636 causa
2029 4583 2153 4650 ipsis
2185 4598 2282 4652 po-

711 4674 969 4726 tissimum
998 4674 1183 4742 parcit,
1209 4673 1328 4740 quia
1355 4673 1423 4726 ob
1451 4673 1671 4726 rationis
1702 4673 1974 4742 penuriam
2003 4675 2069 4726 ita
2098 4688 2156 4728 se
2185 4675 2280 4726 ha-

709 4766 849 4829 bent,
881 4775 933 4818 et
962 4767 1032 4819 ita
1062 4765 1250 4818 infirmi
1282 4773 1426 4818 sunt.

780 4861 833 4912 4.
883 4859 974 4910 Dic
1008 4860 1148 4911 enim
1192 4855 1320 4909 mihi
1358 4855 1565 4924 qualem
1613 4855 1702 4909 ille
1746 4855 2112 4910 rationabilem
2140 4872 2278 4925 pra:-

708 4957 908 5002 textum
937 4945 1112 5001 dicere
1135 4955 1340 5016 potest,
1367 4947 1456 5015 qui
1479 4946 1861 5000 scandalizatur
1887 4947 1940 5000 in
1970 4947 2279 5002 comedente

705 5053 918 5094 carnem
957 5046 1010 5091 et
1045 5037 1256 5092 bibente
1295 5037 1517 5090 viuum?
1558 5039 1693 5091 hanc
1719 5039 1913 5108 quippe
1943 5039 2110 5109 legem
2143 5041 2279 5095 Deus

707 5130 830 5183 olim
865 5129 1056 5197 posuit.
1083 5127 1459 5183 Verumtamen
1490 5128 1542 5181 in
1571 5128 1653 5181 bis
1685 5129 1727 5182 si
1767 5128 2151 5184 scandalizetur
2177 5132 2279 5184 ali-

705 5221 843 5288 quis,
872 5219 1066 5273 Paulus
1088 5219 1334 5272 abstinet.
1366 5218 1486 5271 Non
1512 5221 1649 5272 enim
1674 5234 1876 5273 carnem
1897 5222 2176 5288 comedam,
2201 5223 2280 5275 in-

703 5311 816 5378 qttit
840 5350 853 5373 ,
882 5324 1037 5378 neque
1074 5310 1238 5361 uinum
1267 5309 1430 5361 bibant
1454 5350 1467 5372 ,
1508 5319 1561 5361 ut
1600 5325 1661 5362 ne
1699 5310 2033 5363 scandalizent
2073 5312 2280 5379 fratrem

705 5401 723 5469 (
751 5404 794 5453 l.
819 5401 932 5454 Cor.
962 5401 1016 5454 8.
1039 5402 1153 5470 l5).
1183 5400 1289 5454 Nec
1313 5400 1523 5454 dixitca
1553 5417 1669 5467 quae
1698 5417 1792 5455 nos
1817 5402 2073 5457 dicimus:
2097 5403 2277 5472 Subji-

705 5491 996 5544 cieudusne
1038 5507 1135 5559 ego
1176 5493 1361 5546 aliena:
1403 5493 1760 5561 insipientim?
1801 5510 1924 5547 nmn
1959 5494 2080 5564 quia
2119 5496 2275 5550 alicui

706 5581 1013 5648 sitnplieiori
1053 5579 1258 5634 videtur
1291 5596 1408 5634 esse
1451 5582 1760 5636 scandalum
1785 5623 1800 5647 ,
1843 5599 1942 5652 ego
1971 5585 2160 5654 dignus
2187 5588 2276 5653 qui

707 5671 1016 5739 Su;piicittm
1057 5670 1196 5726 luant
1217 5673 1239 5725 2’
1266 5673 1514 5740 Quamvis
1561 5674 1716 5726 etiam
1752 5677 1791 5727 si
1833 5674 2083 5740 dixisset,
2115 5676 2278 5731 multo

1487 284 1544 343 S.
1577 286 1860 344 JOANNlS
1889 287 2368 346 CHRYSOSTOMI
2412 292 2729 352 ARCHIEP.
2762 293 3291 359 CONSTANTINOP.

3942 313 4054 366 500

2473 416 2650 462 tamen
2687 407 2883 480 justius
2919 413 3139 469 dixisset
3186 431 3342 485 quam
3385 430 3500 471 nos.
3546 417 3676 471 Nam
3717 421 3804 489 qui
3849 419 3902 473 in
3950 421 4058 476 illis

2469 499 2874 569 scandalizatur,
2901 504 3198 558 insensatus
3217 511 3372 559 estet
3393 507 3542 560 valde
3562 508 3842 576 insipiens;
3865 525 4056 565 verum

2468 589 2520 642 in
2555 589 2634 642 his
2664 591 2776 660 ipse
2805 593 3000 648 multas
3021 595 3193 664 justas
3233 605 3286 651 et
3307 596 3494 666 dignas
3519 597 3707 654 causas
3747 615 3881 669 quas
3907 602 4056 656 dicat

2467 680 2644 738 habet.
2661 685 3034 741 Verumtamen
3051 688 3275 756 justiora
3297 688 3454 742 etiam
3471 705 3628 757 quam
3655 706 3752 745 nos
3774 691 4055 746 habuisset

2465 770 2677 835 Paulus,
2699 773 2962 842 siquidem
2991 776 3271 831 voluisset:
3293 785 3468 831 atnon
3487 780 3634 844 dixit,
3667 781 3758 833 scd
3785 781 3850 834 ad
3882 799 4053 836 unum

2461 862 2630 915 solum
2677 865 2936 933 spectavit
2966 907 2982 931 ,
3028 879 3220 936 nempe
3259 868 3482 922 salutem
3526 871 3774 937 proximi.
3819 872 3887 924 Et
3925 872 4052 926 vide

2457 967 2612 1021 quam
2643 954 2936 1010 eminenter
2964 974 2978 1010 :
3010 972 3112 1010 non
3136 957 3278 1012 enim
3305 957 3440 1011 dixit
3466 960 3629 1013 semel
3647 1002 3662 1023 ,
3686 970 3778 1013 aut
3807 962 3891 1015 bis
3909 1002 3926 1028 ,
3951 973 4051 1016 aut

2457 1049 2603 1094 tanto
2631 1053 2889 1113 tempore,
2921 1045 3036 1110 sed,
3068 1046 3132 1101 In
3160 1057 3425 1112 aeternum,
3448 1051 3542 1111 ait,
3573 1065 3670 1101 non
3693 1051 3976 1113 comedunt,
3998 1053 4047 1104 si

2453 1130 2843 1187 scandalizetur
2869 1133 3025 1188 alius.
3059 1135 3122 1189 Et
3146 1144 3205 1189 ut
3229 1151 3297 1190 ne
3324 1147 3477 1204 putes
3507 1138 3556 1189 in
3595 1137 3677 1190 bis
3705 1153 3829 1191 eum
3860 1139 4045 1192 subsi.

2451 1230 2626 1300 stere,
2653 1233 2712 1277 et
2739 1223 2881 1278 aliud
2923 1226 3173 1294 quiddam
3203 1227 3387 1295 adjicit
3425 1227 3525 1281 hoc
3568 1232 3758 1296 majus.
3794 1229 3862 1284 Ut
3889 1231 4040 1284 enim

2448 1305 2845 1378 dixitf'Bonum
2881 1326 2954 1370 est
2990 1332 3088 1370 non
3116 1319 3373 1372 comedere
3395 1335 3594 1372 carnem
3614 1362 3627 1383 ,
3660 1331 3708 1374 et
3747 1337 3844 1374 non
3869 1321 4041 1376 bibere

2447 1402 2617 1457 vinum
2647 1403 2836 1474 (Rom.
2868 1406 2954 1460 ﬂ.
3000 1405 3060 1459 21
3093 1406 3154 1475 ),
3181 1407 3454 1476 conjunxit
3481 1417 3534 1461 et
3560 1409 3687 1462 illud
3713 1427 3726 1462 :
3760 1409 3939 1479 Neque
3965 1397 4039 1464 il-

2445 1494 2536 1546 lml
2553 1535 2568 1558 ,
2606 1511 2696 1564 per
2729 1496 2863 1566 quod
2889 1499 3050 1567 frater
3075 1505 3188 1551 tuus
3224 1499 3497 1568 impingit,
3527 1500 3604 1552 vel
3627 1501 4031 1569 scandalizatur,

2443 1583 2522 1636 rel
2542 1585 2843 1651 inﬁrmatur.
2871 1586 2938 1641 Et
2955 1587 3318 1643 animadverte
3341 1604 3528 1642 rursus
3550 1592 3861 1657 sapientiam
3891 1609 4036 1661 pra:-

2448 1676 2698 1742 ccptoris.
2732 1676 2936 1731 Relicto
2969 1678 3110 1732 enim
3150 1678 3364 1733 inﬁmo
3401 1678 3589 1733 fortem
3639 1681 3857 1750 corrigit
3901 1693 4032 1736 ante

2441 1764 2586 1817 illum
2621 1782 2634 1818 :
2665 1780 2786 1820 nam
2816 1769 2970 1820 fortis
2996 1777 3181 1822 auctor
3205 1777 3287 1822 est
3309 1809 3325 1832 ,
3360 1770 3498 1838 quod
3533 1771 3620 1825 ille
3649 1771 3894 1826 infirmus
3918 1774 3985 1826 sit
4010 1815 4025 1836 ,

2445 1870 2509 1907 eo
2537 1855 2676 1923 quod
2716 1857 2881 1926 possit
2910 1858 3269 1913 infirmitatem
3291 1861 3556 1927 corrigere
3577 1901 3591 1926 ,
3623 1873 3676 1915 et
3704 1878 3808 1916 non
3839 1863 4023 1918 faciat.

2441 1943 2638 2012 Ecquid
2670 1946 2789 2000 dico
2818 1947 2884 2000 de
2914 1947 3138 2002 infirmis
3164 1941 3460 2004 fratribus?
3493 1951 3698 2005 Etenim
3739 1952 3936 2007 Iudaeis
3967 1966 4023 2009 et

2432 2037 2679 2102 gentibus
2708 2037 2860 2105 jubet
2893 2040 3134 2094 eamdem
3163 2055 3352 2095 curam
3378 2043 3608 2111 impendi
3645 2062 3657 2099 :
3692 2045 3818 2098 Sine
3847 2044 4020 2110 οΙῙεη-

2432 2125 2622 2192 dicula,
2653 2128 2746 2193 ait,
2767 2137 2920 2181 estote
2940 2138 2986 2181 et
3004 2128 3199 2184 Judaei:
3225 2139 3274 2184 et
3291 2133 3516 2199 gentibus
3541 2145 3587 2185 et
3613 2132 3854 2188 Ecclesia:
3881 2134 3979 2188 Dei
4000 2139 4018 2168 ⁸

2431 2219 2504 2284 (1.
2533 2217 2650 2273 Cor.
2673 2219 2756 2275 10.
2783 2219 2897 2290 52).
2921 2221 3101 2292 Itaque
3125 2233 3322 2294 quanto
3350 2234 3400 2278 te
3421 2225 3690 2280 fortiorem
3713 2242 3832 2282 esse
3855 2228 4012 2292 dicis,

2422 2312 2662 2381 nihilque
2698 2327 2727 2367 a
2766 2315 3159 2369 cohabitatione
3199 2318 3501 2370 nocumeuti
3548 2320 3791 2388 accipiat:
3816 2361 3829 2381 ,
3862 2330 4016 2375 tanto

2424 2403 2590 2471 magis
2616 2403 2841 2472 teipsum
2869 2404 3163 2460 debitorem
3192 2408 3491 2473 constituis,
3521 2417 3578 2461 ut
3610 2411 3875 2465 vinculum
3908 2411 4014 2466 hoc

2415 2509 2656 2562 rumpas.
2681 2494 2813 2549 Nam
2839 2505 3035 2565 quanto
3061 2496 3251 2551 fortior
3272 2513 3394 2553 eras
3415 2542 3428 2562 ,
3462 2508 3609 2553 tanto
3635 2502 3838 2572 :cquius
3866 2503 3968 2557 fuit
3993 2547 4007 2564 .

2421 2591 2476 2635 ut
2503 2583 2844 2639 infirmiorem
2874 2595 3130 2655 gestares.
3164 2587 3326 2658 Igitur
3351 2589 3396 2644 si
3421 2589 3659 2644 infirmus
3678 2608 3757 2659 es,
3787 2603 4013 2664 propter

2421 2682 2474 2727 te
2503 2673 2673 2742 ipsum
2703 2673 2936 2742 desiste;
2967 2676 3048 2731 sin
3084 2677 3382 2743 robustior,
3416 2689 3632 2750 propter
3659 2683 3879 2738 alterius
3916 2685 4006 2738 ἰη-

2417 2764 2741 2819 firmitatem.
2769 2765 2886 2821 Non
2915 2768 3058 2821 enim
3083 2769 3183 2822 sibi
3210 2769 3306 2839 ipsi
3334 2769 3646 2837 dumtaxat,
3675 2773 3770 2828 sed
3799 2785 3851 2829 et
3881 2776 4008 2830 aliis

2415 2854 2604 2910 fortem
2647 2871 2766 2911 esse
2807 2867 3019 2927 oportet
3045 2873 3167 2914 eum
3194 2861 3283 2930 qui
3332 2859 3483 2915 fortis
3517 2873 3618 2917 est.
3655 2863 3809 2931 Quod
3850 2867 3897 2921 si
3947 2877 4003 2926 te

2413 2943 2603 3000 fortem
2636 2962 2756 3001 esse
2786 2948 2918 3002 dicis
2941 2989 2956 3013 ,
2999 2958 3054 3004 et
3092 2951 3452 3007 infirmitatem
3491 2954 3629 3010 illius
3655 2959 3958 3013 contemnis
3978 3001 3997 3025 ,

2411 3036 2625 3105 duplam
2651 3039 2800 3093 dabis
2825 3056 3036 3110 poenam
3060 3084 3072 3107 ,
3101 3053 3212 3096 tum
3236 3044 3376 3112 quod
3409 3061 3510 3098 non
3541 3051 3844 3116 pepercisti,
3883 3061 3996 3108 tum

2407 3127 2547 3196 quod
2584 3129 2743 3182 multa
2784 3130 2875 3182 tibi
2919 3131 2998 3185 vis
3027 3141 3142 3186 erat
3176 3143 3232 3185 ut
3263 3133 3335 3186 illi
3370 3149 3589 3202 parcere
3619 3152 3822 3205 posses.
3857 3139 3992 3195 Nam

2407 3218 2770 3288 unusquisque
2792 3230 3030 3276 nostrum
3049 3222 3259 3277 debitor
3278 3234 3354 3278 est
3381 3225 3566 3280 salutis
3588 3231 3832 3296 proximi.
3854 3231 3994 3286 Pro-

2404 3308 2743 3378 pterea‘jussi
2770 3327 2986 3378 sumus,
3020 3328 3125 3367 non
3151 3329 3270 3383 quas
3300 3325 3478 3368 nostra
3517 3326 3640 3370 sunt
3670 3359 3684 3384 ,
3733 3321 3827 3375 sed
3869 3339 3991 3393 quzu

2403 3399 2626 3466 proximi
2665 3402 2933 3474 spectare(
2950 3404 3001 3458 1.
3021 3403 3139 3458 Cor.
3160 3403 3254 3470 10,
3282 3405 3354 3460 24
3375 3405 3415 3476 ).
3447 3404 3623 3464 Pretio
3647 3411 3788 3464 enim
3819 3418 3986 3484 empti

2401 3502 2595 3542 sumus
2615 3490 2686 3559 (ι.
2711 3489 2835 3544 Cor.
2858 3493 2910 3556 6,
2933 3494 3048 3564 ‘20),
3066 3503 3120 3549 et
3137 3497 3228 3564 qui
3250 3512 3350 3549 nos
3373 3499 3618 3564 redemit,
3645 3501 3747 3553 hoc
3778 3516 3984 3568 praece-

2400 3578 2478 3647 pit
2513 3579 2566 3632 in
2602 3596 2945 3638 communem
2977 3588 3282 3640 animarum
3327 3596 3642 3646 nostrarum
3677 3594 3996 3648 utilitatem.

2393 3669 2508 3724 Non
2549 3670 2689 3725 enim
2719 3672 2818 3725 hoc
2857 3672 3028 3725 solum
3072 3683 3312 3726 nostrum
3355 3683 3439 3730 est
3467 3674 3670 3731 lucrum
3702 3717 3721 3742 ,
3769 3678 3986 3745 quando

2393 3765 2604 3834 propria
2646 3779 2921 3819 servamus
2961 3764 3201 3820 membra
3229 3805 3245 3832 ,
3291 3767 3384 3821 sed
3425 3776 3479 3820 et
3511 3767 3722 3835 quando
3761 3769 3899 3822 alios
3930 3770 4007 3822 in

2395 3856 2579 3925 majori
2623 3859 2905 3911 securitate
2947 3857 3332 3910 constituimus.
3383 3858 3634 3922 Quamvis
3665 3858 3808 3912 enim
3858 3861 3984 3914 mil-

2392 3945 2489 3998 lies
2535 3945 2923 4015 philosopheris
2951 3987 2966 4011 ,
3018 3945 3349 4015 redargueris
3393 3955 3568 3999 tamen
3626 3963 3722 4016 per
3774 3963 3977 4018 opera,

2390 4034 2640 4088 damnum
2684 4051 2748 4088 ex
2795 4034 2896 4089 hac
2935 4033 3324 4089 cohabitatione
3364 4047 3678 4103 accepturus
3721 4052 3827 4091 non
3858 4040 3979 4092 vul~

2386 4139 2533 4192 gare.
2575 4124 2796 4191 Quando
2827 4126 2966 4179 enim
3000 4135 3050 4178 te
3076 4124 3230 4180 video
3269 4126 3338 4178 ita
3376 4127 3532 4181 avelli
3563 4143 3666 4180 non
3696 4142 3854 4196 posse
3876 4171 3892 4192 ,
3923 4139 3978 4185 et

2390 4215 2554 4268 millia
2582 4231 2764 4269 eorum
2790 4215 3084 4285 despicere,
3127 4230 3244 4285 quae
3272 4215 3523 4269 damnum
3569 4217 3823 4281 inferunt,
3871 4235 3973 4273 nec

2386 4306 2628 4359 converti
2657 4317 2706 4361 te
2736 4316 2840 4359 tam
2871 4307 3049 4359 multis
3074 4305 3611 4374 reprehendentibus,
3639 4307 3731 4363 sed
3764 4318 3820 4362 ct
3845 4310 3965 4378 glo-

2387 4398 2520 4450 riam
2544 4407 2683 4450 tuam
2711 4397 3043 4460 conculcare,
3072 4395 3430 4465 Ecclesiaque
3452 4412 3693 4467 magnam
3717 4398 3974 4456 invidiam

2386 4487 2654 4552 confiare,
2695 4495 2853 4556 atque
2896 4486 3188 4541 infidelium
3236 4500 3328 4539 ora
3377 4487 3626 4556 aperire,
3671 4503 3974 4560 omnesque

2387 4578 2523 4631 mala
2551 4579 2802 4647 Opinione
2829 4578 3085 4642 imbuere,
3109 4584 3163 4631 et
3183 4585 3324 4629 tanta
3357 4578 3567 4645 quidem
3595 4593 3662 4632 ex
3689 4578 3970 4634 cohabita-

2386 4670 2531 4724 tione
2561 4671 2702 4724 nasci
2729 4671 2869 4724 mala
2890 4711 2905 4734 ,
2934 4670 3135 4724 nullum
3177 4678 3357 4723 autem
3401 4671 3680 4738 provenire
3721 4673 3923 4728 bonum
3952 4692 3967 4740 ;

2385 4776 2449 4814 ex
2477 4763 2813 4830 separatione
2839 4775 2968 4814 vero
2995 4759 3184 4814 horum
3212 4761 3447 4813 omnium
3491 4761 3752 4816 malorum
3784 4764 3968 4837 sqbla-

2387 4852 2617 4915 tionem,
2648 4851 2933 4905 multorum
2977 4859 3152 4904 autem
3193 4850 3416 4904 aliorum
3452 4851 3710 4906 bonorum
3749 4869 3970 4922 posses-

2385 4943 2586 4996 sionem
2634 4941 2854 5012 adipisci
2894 4941 3088 5006 licere,
3122 4939 3318 4995 deinde
3359 4956 3479 4995 cum
3530 4942 3739 4996 resilire
3786 4946 3926 4999 nolis
3951 4985 3966 5009 ,

2384 5035 2650 5104 quomodo
2677 5031 2994 5102 persuadere
3034 5041 3220 5101 potero
3247 5031 3367 5086 aliis
3395 5032 3536 5099 quod
3566 5031 3864 5088 affectionis
3894 5036 3968 5089 sis

2384 5139 2596 5193 expers,
2626 5136 2678 5178 et
2721 5139 2750 5176 a
2789 5122 3216 5192 concupiscentia
3261 5121 3398 5175 mala
3449 5123 3654 5190 purus?
3697 5123 3808 5177 lmo
3837 5140 3970 5181 vero

2385 5227 2544 5281 super
2572 5213 2652 5266 bis
2681 5213 2807 5266 nihil
2835 5211 3099 5266 contendo
3123 5227 3137 5276 ;
3166 5210 3259 5266 sed
3286 5220 3404 5265 esto
3424 5212 3564 5281 quod
3590 5212 3664 5266 sis
3687 5214 3850 5266 etiam
3876 5230 3995 5277 co-_

2385 5301 2669 5357 habitando
2692 5295 2892 5372 purus,
2924 5302 3164 5369 quamvis
3201 5315 3266 5354 ne
3293 5299 3393 5355 Job
3420 5301 3634 5370 quidem
3662 5302 3750 5357 ille
3776 5304 3967 5358 beatus

2385 5407 2544 5446 ausus
2572 5391 2666 5446 fuit
2693 5403 2889 5444 tantam
2916 5392 3164 5446 virtutem
3193 5399 3246 5444 et
3280 5392 3592 5460 sapientiam
3632 5391 3735 5447 sibi
3765 5394 3968 5448 adscri-

2385 5482 2545 5548 bere;
2582 5482 2684 5536 sed
2727 5481 2814 5552 qui
2863 5496 3078 5537 omnem
3120 5481 3522 5538 transcenderat
3565 5480 3820 5538 virtutem
3847 5523 3862 5542 .
3891 5498 3962 5540 ex

2452 5687 2465 5718 ²
2503 5693 2551 5734 ιη
2572 5684 2732 5746 sarit,
2755 5683 2944 5734 σιω-ἰείη.
