4264 6312
237 321 344 377 ιοε)

239 435 332 488 τοῦ
401 435 793 508 προσήκοντος.
856 439 982 490 Ὂτε
1045 438 1144 508 μὲν
1198 438 1306 510 γάρ
1376 439 1501 509 περὶ
1568 438 1670 506 τῆς
1717 438 1826 492 τῶν

241 519 555 590 ἐδεσμάτων
585 521 862 588 διελέγετο
887 523 1125 591 φύσεως,
1163 524 1258 576 καὶ
1309 523 1522 576 ἐδείκνυ
1581 523 1828 593 καθαρᾶν

241 605 412 675 αὐτὴν
445 600 631 668 οὖσαν,
667 607 759 658 καὶ
790 605 889 674 τῆς
927 605 1224 674 Ἰουδαϊκῆς
1241 606 1550 676 ἀπήλλαττε
1579 622 1832 677 παρατη-

246 694 479 759 ρήσεως,
519 689 854 751 εἰσελθόντος
893 689 986 742 τοῦ
1040 689 1244 760 Πέτρου
1287 690 1382 742 καὶ
1423 689 1665 751 εἰπόντος
1690 724 1707 751 _.
1750 689 1832 740 ὅτι

255 773 897 839 Ἐσκανδαλίσοησαν,
929 775 1104 840 Ἄφες
1143 772 1385 837 αὐτοὺς.
1443 771 1605 841 φησί’
1653 769 1832 823 καὶού

247 855 409 924 μόνον
442 855 848 927 κατεφρόνησεν
883 855 1083 918 αὐτῶν,
1133 854 1268 907 ἀλλὰ
1299 856 1392 908 καὶ
1421 852 1574 924 [ἓῖἓ]
1603 853 1836 922 κατηγό·

248 955 415 1009 ρησεν
469 939 662 1001 εἰπὼν,
699 937 874 993 Πᾶσα
912 938 1021 1008 γάρ
1055 938 1289 1007 φυτεία,
1337 937 1416 1002 ἢν
1444 939 1554 990 οὐκ
1593 937 1837 1004 ἐφύτευ-

242 1037 361 1075 σεν
379 1025 412 1076 ό
435 1024 636 1090 Πατήρ
660 1040 779 1090 μου
807 1025 838 1075 ό
859 1021 1158 1090 οὐράνιος,
1185 1020 1641 1089 ἐκριᾷυθήσεται
1659 1038 1671 1050 ’
1694 1019 1836 1073 οὕτω

244 1105 339 1158 τδν
385 1107 547 1175 νόμον
578 1106 832 1176 ἠκύρωσε
869 1107 961 1157 τὸν
1003 1106 1131 1176 περὶ
1163 1105 1489 1174 βρωμάτων.
1532 1103 1750 1174 Ἐπειδὴ
1780 1103 1837 1154 δὲ

245 1190 296 1243 οἱ
324 1191 392 1243 τὰ
419 1191 688 1260 δίδραχμα
711 1189 1090 1252 ἀπαιτοῦντες,
1124 1190 1201 1260 τῷ
1234 1191 1423 1259 Πέτρῳ
1445 1189 1838 1257 προσελθόντες

246 1273 458 1340 ἔλεγον,
509 1274 561 1325 '0
610 1273 982 1337 διδάσκαλός
1033 1290 1150 1326 σου
1201 1274 1273 1326 οὐ
1319 1271 1481 1325 τελεῖ
1521 1272 1594 1323 τὰ
1642 1269 1868 1337 δίδρα-.

249 1373 395 1426 χμα,
423 1357 605 1410 οὐκέτι
663 1357 722 1410 τὸ
760 1357 892 1410 αὐτὸ
941 1356 1263 1426 πεποίηκεν,
1302 1357 1436 1428 ὅπερ
1470 1356 1557 1408 ἐπ’
1592 1355 1837 1416 ἐκείνων,

249 1438 388 1492 ἀλλά
437 1438 714 1510 φροντίζει
753 1439 846 1492 τοῦ
885 1439 1183 1492 σκανδάλου
1231 1439 1326 1492 καί
1361 1456 1556 1508 φησιν·
1604 1440 1727 1492 Ἵνα
1756 1436 1842 1489 -δὲ

243 1522 334 1592 μὴ
389 1521 893 1591 σκανδαλίσωμεν
948 1522 1188 1587 αὐτοὺς,
1247 1523 1562 1588 πορευθεὶς
1603 1524 1690 1586 είς
1727 1521 1842 1588 τὴν

248 1607 577 1662 θάλασσαν
600 1606 758 1670 βάλε
811 1605 1158 1673 ἄγκιστρον.
1190 1605 1288 1658 καί
1317 1617 1342 1644 ι
1383 1604 1487 1657 τὸν
1538 1603 1844 1659 ἀναϐάντα

251 1690 492 1757 πρῶτον
533 1689 702 1758 ἰχθὺν
735 1683 902 1756 ἄρον,
937 1689 1030 1741 καὶ
1067 1689 1346 1754 εὑρήσεις
1377 1687 1446 1739 ἐν
1485 1687 1564 1752 τῷ
1594 1687 1844 1755 στόματι

249 1773 441 1825 αὑτοῦ
487 1771 783 1837 στατῆρα·
822 1770 1258 1824 τοῦτονλαὸὼν
1277 1769 1383 1836 δὸς
1408 1771 1541 1824 ἀντὶ
1574 1770 1720 1839 ἐμοῦ
1743 1768 1842 1822 καί

251 1855 390 1908 σοῦ.
435 1855 596 1925 Ὁρᾷς
640 1854 735 1906 καὶ
789 1854 1141 1925 φροντίζοντα
1180 1855 1272 1905 καὶ
1329 1852 1403 1922 μὴ
1457 1852 1840 1922 φροντίζοντα;

265 1937 536 1991 Ἐνταῦθα
561 1936 665 2007 ’μὲν
696 1939 803 2008 γὰρ
843 1939 944 1990 οὐκ
970 1935 1038 2008 ἦν
1071 1939 1398 2004 κατεπεῖγον
1431 1935 1844 2005 ἐκκαλυφθῆναι

252 2021 351 2075 τοῦ
375 2023 712 2090 Μονογενοῦς
735 2025 832 2093 τὴν
845 2022 1004 2088 δόξαν
1022 2038 1034 2050 ·
1059 2021 1176 2077 πῶς
1201 2022 1330 2087 γὰρ,
1360 2019 1495 2072 ὅπου
1523 2019 1618 2072 καὶ
1642 2020 1808 2089 ἐπετή
1824 2049 1841 2060 -

252 2105 410 2159 δευεν
455 2105 623 2175 αὐτὴν
675 2105 1009 2169 συσκιάζειν,
1036 2105 1133 2158 καὶ
1158 2105 1374 2157 ἐκέλευε
1403 2103 1618 2166 πολλοῖς
1652 2105 1726 2174 μὴ
1762 2103 1849 2155 λέ-

257 2205 401 2256 γειν,
431 2190 514 2241 ὅτι
551 2190 714 2252 αὐτὸς
759 2189 845 2260 εἴη
901 2191 930 2243 6
971 2188 1242 2259 Χριστός;
1275 2188 1386 2241 Καὶ
1435 2188 1524 2242 διά
1553 2187 1708 2241 τοῦτο
1742 2187 1849 2240 ἀπὸ

261 2272 361 2341 μὲν
393 2271 487 2324 τοῦ
524 2273 836 2324 καταθεῖναι
869 2271 937 2325 τὰ
995 2271 1313 2342 δίδραχμαι)
1345 2270 1498 2343 οὐδὲν
1526 2266 1594 2343 ἦν
1629 2270 1847 2340 βλάϐος,

259 2340 370 2406 ἀπὸ
402 2354 458 2406 δὲ
486 2352 579 2406 τοῦ
607 2353 680 2425 μὴ
702 2354 1014 2408 καταθεῖναι
1048 2340 1262 2425 μεγάλα
1291 2340 1742 2408 ἐτίκτεκτονκακά⁸
1773 2355 1851 2419 ὡς

259 2436 372 2507 γὰρ
399 2436 684 2508 τύραννον,
719 2439 814 2491 καὶ
845 2438 1194 2510 ἀνταίροντα,
1221 2438 1316 2491 καὶ
1345 2437 1444 2506 τῆς
1469 2437 1680 2502 πόλεως
1705 2438 1848 2491 ἀπά-

263 2535 366 2590 σης
388 2520 603 2590 ἐχθρὸν,
634 2521 727 2574 καὶ
752 2522 830 2584 εἰς
875 2522 1000 2584 τούς
1022 2521 1284 2591 ἐσχάτους
1309 2521 1648 2591 ἐμϐάλλοντα
1674 2521 1854 2575 κινδύ-

258 2619 404 2665 νους,
453 2603 625 2666 οῦτως
668 2603 734 2657 ἂν
770 2605 1224 2676 ἀπεστράφησαν.
1285 2604 1386 2656 Διά
1428 2604 1491 2676 δὴ
1546 2606 1707 2658 τοῦτο
1757 2605 1854 2658 καὶ

263 2685 620 2764 βουλομένους
653 2687 850 2750 αὐτοὺς
890 2688 1136 2758 ἁρπάσαι
1181 2704 1241 2740 τε
1291 2687 1455 2740 αὐτὸν
1493 2688 1586 2740 καὶ
1627 2687 1854 2757 βασιλέα

261 2769 487 2838 ποιῆσαι
519 2771 768 2838 ἀπέφυγε
805 2769 1110 2841 πόρρωθεν,
1148 2771 1214 2822 ἐκ
1253 2769 1450 2821 πολλοῦ
1492 2768 1589 2822 τοῦ
1631 2769 1850 2838 περιόν-

259 2870 354 2915 τος
393 2851 598 2921 ταύτην
646 2854 1088 2922 ἀποκρουόμενος
1145 2853 1245 2920 τὴν
1292 2850 1584 2919 ὑπόληψιν.
1621 2853 1767 2903 Ἐκεῖ
1797 2851 1855 2903 δὲ

262 2935 559 3002 ἀναγκαῖον
611 2935 674 2987 τὸ
729 2934 1166 3006 κατορθούμενον
1198 2930 1294 3004 ἦν·
1331 2933 1412 2987 διὸ
1450 2933 1743 3005 χρησίμως
1795 2950 1856 2986 τε

267 3021 365 3073 καὶ
415 3020 687 3091 εὐκαίρως
726 3021 820 3074 καὶ
865 3021 956 3073 ἐπὶ
1015 3018 1398 3090 κατορθώματι
1451 3019 1660 3088 μείζονι
1733 3037 1859 3072 κατ-

266 3104 539 3176 εφρόνησε
583 3103 676 3157 τοῦ
726 3104 1045 3161 σκανδάλου.
1079 3104 1187 3156 Καὶ
1215 3103 1324 3173 γάρ
1358 3101 1613 3172 εὐκαιρον
1646 3098 1715 3173 ἦν
1747 3101 1858 3154 λοι-

267 3189 374 3240 πὺν
399 3190 526 3251 τοὺς
561 3188 852 3258 μέλλοντας
893 3188 988 3240 ἐπὶ
1027 3187 1126 3258 τὴν
1177 3185 1489 3257 ἀκροτάτην
1546 3186 1860 3240 ἀναϐαίνειν

267 3271 615 3342 φιλοσοφίαν,
639 3270 712 3341 μὴ
743 3269 974 3324 κωλύειν
1017 3270 1106 3324 διὰ
1137 3270 1237 3340 τὴν
1280 3272 1360 3334 εἰς
1393 3271 1520 3334 τοὺς
1562 3270 1858 3334 Ἰουδαίους

266 3351 458 3422 φειδὼ,
497 3353 612 3406 ἀλλ’
642 3353 862 3422 ἀφιέναι
913 3353 1101 3407 λοιπὸν
1164 3351 1256 3406 τοῦ
1320 3354 1514 3424 καιροῦ
1568 3353 1860 3418 καλοῦντος

264 3438 363 3492 ἐπ)⁵
393 3438 494 3510 τὴν
541 3438 642 3510 τῆς
698 3438 879 3509 ψυχῆς
918 3437 1294 3510 καθαρότητα,
1341 3439 1438 3492 καὶ
1482 3439 1556 3510 μὴ
1609 3438 1860 3512 κατέχειν

265 3521 326 3573 ἐν
353 3523 432 3591 τῇ
457 3525 742 3592 σωματικῇ
777 3524 1185 3594 παρατηρήσει,
1219 3521 1357 3576 ἀλλά
1409 3525 1716 3594 συγχωρεῖν
1761 3523 1862 3594 τῆς

263 3603 694 3675 ταπεινότητοςε
747 3605 1184 3660 ἀπαλλάττεσθαι
1245 3606 1479 3678 ἐκείνης.
1549 3606 1704 3660 Οὐτω
1767 3608 1864 3662 καὶ

269 3681 482 3769 Παῦλος
520 3688 613 3740 καί⁹
661 3691 994 3759 καταφρονεῖ
1054 3689 1163 3742 τῶν
1209 3690 1734 3761 σκανδαλιζομένων,
1767 3693 1884 3746 καὶ,

267 3772 333 3824 οὐ
365 3775 720 3843 καταφρονεῖ,
774 3773 1082 3827 ἀκολουθῶν
1104 3773 1184 3844 τῷ
1213 3775 1540 3846 διδασκάλῳ,
1579 3775 1673 3829 καί
1705 3793 1860 3848 φησι’

270 3855 478 3909 Πάντα
524 3855 715 3910 πᾶσιν
770 3857 1034 3924 ἀρέσκω,
1101 3857 1189 3927 μὴ
1239 3856 1428 3923 ζητῶν
1479 3859 1546 3911 τὸ
1599 3860 1863 3928 ἐμαυτοῦ

270 3941 605 4008 συμφέρον,
647 3941 810 3995 ἀλλά
858 3942 922 3995 τὸ
960 3939 1079 3994 τῶν
1107 3941 1378 4005 πολλῶν,
1421 3943 1523 3995 ἵνα
1561 3942 1860 3997 σωθῶσιν.

275 4025 338 4077 Εἰ
364 4023 422 4077 δέ
449 4023 658 4087 Παῦλος
678 4024 739 4078 τὸ
767 4027 964 4078 οίκεῖον
991 4028 1207 4097 παρορᾷ
1227 4027 1528 4098 συμφέρον,
1558 4023 1643 4081 ἵνα
1670 4028 1731 4080 τὸ
1755 4027 1864 4081 τῶν

271 4108 449 4163 ἄλλων
497 4106 652 4180 εὕρῃ.
682 4108 857 4179 πόσης
891 4111 990 4163 οὐκ
1026 4108 1091 4162 ἂν
1133 4111 1325 4180 εἴημεν
1368 4110 1510 4174 ἀξιοι
1564 4110 1863 4175 κολάσεως,

277 4190 413 4261 μηδέ⁹
441 4191 650 4253 οἰκείας
676 4191 979 4261 ἀποστῆναι
1011 4183 1215 4262 βλάϐης
1245 4195 1562 4264 ἀνεχόμενοι
1596 4194 1737 4264 ὑπὲρ
1767 4194 1864 4248 τοῦ

272 4274 334 4325 τὸ
352 4274 553 4345 ἐτέρων
572 4274 850 4344 συμφέρον
863 4275 921 4327 εὐ
929 4279 1064 4346 ρεῖν,
1084 4275 1197 4329 ἀλλ’
1219 4276 1390 4347 ἡδέως
1410 4277 1529 4347 μεθ’
1545 4279 1752 4331 ἑαυτῶν
1771 4280 1867 4332 καὶ

274 4357 495 4429 ἐτέρους
527 4357 1019 4428 προσαπολλύντες,
1047 4360 1221 4431 παρὸν
1254 4362 1345 4414 καὶ
1370 4363 1598 4427 ἐαυτοῦς
1624 4365 1718 4416 καὶ
1751 4364 1870 4417 ἐτέ⁴

279 4457 406 4512 ρους
435 4440 736 4509 διασῶσαι;
772 4442 870 4495 Διά
900 4442 963 4514 δὴ
1005 4442 1186 4508 τοῦτο,
1214 4446 1342 4497 ὅταν
1377 4444 1475 4514 μὲν
1520 4445 1602 4516 ἴδῃ
1639 4446 1774 4500 πολύ
1807 4448 1868 4501 τὸ

277 4524 486 4596 κέρδος,
516 4523 610 4578 καὶ
633 4526 732 4595 τῆς
764 4524 859 4578 τοῦ
896 4526 1192 4580 σκανδάλου
1227 4527 1432 4598 βλάϐης
1465 4528 1671 4598 μεῖζον,
1697 4547 1870 4583 κατα-

277 4610 464 4680 φρονεῖ
490 4606 600 4659 τῶν
646 4608 1156 4680 σκανδαλιζομένων
1179 4622 1193 4638 ⁶
1218 4610 1349 4664 ὅταν
1385 4611 1442 4663 δὲ
1479 4611 1671 4682 κέρδος
1764 4631 1870 4684 μη-

274 4688 384 4752 δὲν,
443 4685 604 4739 τοῦτο
665 4686 721 4740 δὲ
786 4688 948 4758 μόνον
1001 4689 1063 4742 τὸ
1121 4687 1570 4754 σκανδαλίζεσθαι
1616 4693 1865 4764 ἐκϐῆναι,

275 4774 455 4828 πάντα
497 4771 594 4824 καί⁹
649 4775 822 4825 ποιεῖν
868 4775 962 4828 καὶ
1023 4775 1255 4846 πάσχειν
1302 4777 1561 4846 αἱρεῖται,
1593 4774 1734 4829 ὥστε
1794 4777 1870 4849 μὴ

274 4855 435 4911 τοῦτο
460 4853 734 4924 γενέσθαι.
760 4857 870 4909 Καὶ
883 4857 942 4910 οὐ
962 4857 1245 4927 φιλοσοφεῖ
1264 4857 1510 4922 τοιαῦτα,
1527 4852 1616 4911 οἷα
1640 4861 1799 4929 ἡμεῖς
1816 4859 1867 4923 ἀ,

275 4939 398 4992 οὐδέ
434 4937 731 5006 λέγει,-Διά
781 4938 835 4990 τί
868 4940 977 5011 γάρ
1015 4941 1153 4992 εἰσιν
1194 4939 1474 5003 ἀσθενεῖς;
1534 4940 1625 4994 διὰ
1670 4943 1724 4994 τί
1762 4943 1871 5012 γὰρ

277 5021 488 5090 ἀλόγως
544 5019 718 5074 ταῦτα
766 5022 1101 5092 πάσχουσιν;
1165 5022 1302 5075 άλλά
1349 5022 1416 5075 δι’
1459 5023 1594 5077 αὐτὸ
1651 5025 1750 5095 μὲν
1779 5022 1872 5079 οὖν

276 5105 435 5159 τοῦτο
469 5103 703 5182 μάλιστα
727 5104 907 5158 αὐτῶν
944 5107 1206 5175 φείδεται,
1234 5105 1421 5177 ἐπειδὴ
1461 5106 1676 5176 ἀλόγως
1706 5107 1867 5162 τοῦτο

279 5187 604 5259 πάσχουσιν,
634 5187 825 5260 ἐπειδὴ
848 5190 1099 5253 ἀσθενεῖς
1136 5191 1296 5242 εἰσιν.

349 5270 411 5326 δ’.
443 5269 581 5324 Είπὲ
608 5271 718 5341 γάρ
751 5289 873 5342 μοι,
908 5273 1067 5325 ποίαν
1097 5272 1210 5343 ἔχει
1248 5272 1524 5343 πρόφασιν
1549 5271 1770 5342 εὔλογον
1800 5276 1876 5328 εί-

279 5357 402 5408 πεῖν
451 5356 480 5406 ό
522 5353 1010 5425 σκανδαλιζόμενος
1055 5353 1255 5424 ἐπὶ,τῷ
1295 5356 1530 5408 ἐσθίοντι
1562 5357 1730 5428 κρέας
1781 5360 1877 5411 καὶ

281 5436 420 5490 οἶνον
451 5436 697 5501 πίνοντι;
733 5436 921 5490 τοῦτον
950 5438 1059 5510 γάρ
1099 5439 1126 5489 6
1169 5438 1300 5501 Θεὸς
1335 5438 1426 5490 τὸν
1457 5437 1622 5508 νόμον
1669 5438 1878 5493 ἄνωθεν

281 5519 518 5584 ἐξέθετο.
567 5519 706 5571 Ἀλλ’
739 5519 890 5589 ὅμως
936 5522 1040 5574 κᾶν
1075 5522 1168 5575 ἐπὶ
1200 5521 1412 5584 τούτοις
1453 5523 1878 5595 σκανδαλίζηταί

282 5621 386 5666 τις,
425 5604 519 5656 καὶ
570 5601 776 5656 τούτων
815 5606 844 5656 6
896 5604 1106 5667 Παῦλος
1159 5605 1446 5675 ἀπέχεται.
1487 5607 1570 5658 Οὐ
1634 5606 1744 5679 γάρ
1787 5607 1875 5674 μὴ

287 5688 451 5755 φάγω
489 5685 690 5754 κρέας,
743 5686 900 5758 φησὶ,
959 5688 1104 5742 οὐδὲ
1130 5689 1246 5742 πίω
1292 5685 1479 5753 οἶνον,
1523 5689 1623 5744 ἵνα
1650 5691 1736 5760 μὴ
1772 5689 1880 5746 τὸν

345 5803 371 5879 ς
574 5800 762 5879 αὐτοὺς,
785 5802 900 5879 βάλε
924 5803 1178 5868 ἄγκιστρον
1201 5804 1264 5860 εἰς
1283 5805 1368 5862 τὴν
1389 5803 1651 5867 θάλασσαν,
1681 5805 1780 5854 καί.

343 5861 372 5903 δ
392 5863 543 5928 ξδνίἰ.
567 5864 654 5928 τῂν
675 5861 908 5928 δραχμήν.

346 5924 860 5996 ἵξινεμςθαεάέηέδς-

351 5986 374 6026 εί
393 5985 541 6035 Savil.
564 5985 711 6049 ὑμεῖς.

893 319 1170 375 CONTRA
1213 319 1342 374 E05
1381 318 1498 386 QUI
1541 316 2169 375 SUBINTRODUCTAS
2209 317 2483 373 HABENT
2522 314 2869 374 VIRGINES.

1933 439 2203 508 ἀδελφόν
2221 456 2336 508 μου
2358 437 2769 493 σκανδαλίσω.
2789 432 2899 488 Καὶ
2920 433 3018 487 οὐκ
3041 428 3158 486 εἷπε
3181 429 3520 509 ταῦτα’ἆπερ

1933 535 2114 604 ἡμεῖς,
2147 535 2251 597 δτι,
2296 533 2436 602 Ἐγὼ
2469 533 2646 605 μέλλω
2677 533 2777 600 τῆς
2827 529 3031 601 ἐτέρων
3081 526 3305 594 ἀλογίας
3352 523 3522 578 ὐπεύ-

1936 617 2092 680 θυνος
2117 616 2268 688 [253]
2301 611 2474 681 εἷναι;
2507 616 2624 678 καὶ,
2673 614 2800 668 Ἐάν
2835 629 2947 666 τινι,
2971 610 3100 683 δόξῃ
3127 607 3523 677 σκανδαλισθῆ-

1932 718 2023 754 ναι
2067 700 2272 763 ἁπλῶς,
2306 699 2418 768 ἐγὼ
2467 699 2662 769 ἔσομαι
2695 697 2845 763 ἄξιος
2885 695 3042 764 δίκην
3069 693 3290 755 δοῦναι;
3330 688 3525 742 Καίτοι

1936 783 2032 837 καὶ
2083 785 2132 835 εἰ
2177 778 2317 846 εἷπε,
2359 782 2536 857 πολλῷ
2582 780 2920 850 δικαιότερον
2953 777 3018 831 ἂν
3064 776 3221 848 ἡμῶν
3266 770 3408 826 εἷπε.
3466 771 3526 824 '0

1941 865 2040 935 μὲν
2084 863 2207 936 γάρ
2265 866 2352 918 ἐπ’
2409 865 2642 926 ἐκείνοις
2701 859 3192 928 σκανδαλιζόμενος
3243 857 3527 923 ἀλόγιστος

1941 947 2145 1017 σφόδρα
2195 949 2288 1000 καὶ
2335 948 2596 1018 ἀνόητοςο
2633 947 2660 997 ό
2703 945 2760 998 δὲ
2799 944 2893 995 ἐπὶ
2939 941 3173 1004 τούτοις,
3208 938 3408 1000 πολλὰς
3462 937 3529 990 ἂν

1943 1030 2096 1098 σχοίη
2131 1029 2346 1092 δικαίας
2386 1031 2480 1083 καὶ
2505 1029 2761 1096 εὐλόγους
2784 1026 2964 1088 αἰτίας
2992 1026 3168 1077 εἰπεῖν
3189 1039 3202 1056 ο
3243 1023 3358 1076 ἀλλ’
3380 1023 3530 1092 ὅμως

1941 1115 2033 1168 καὶ⁹
2069 1115 2379 1187 δικαιότερα
2405 1115 2470 1168 ἂν
2505 1115 2661 1186 ἡμῶν
2697 1113 2868 1166 εἰπὼν
2893 1115 2920 1165 6
2956 1110 3186 1174 Παῦλος,
3224 1109 3324 1162 οὐκ
3354 1103 3530 1177 εἶπεν,
3577 1166 3580 1169 ν

1941 1198 2056 1251 ἀλλ’
2120 1201 2200 1261 εἰς
2245 1199 2301 1250 ἒν
2341 1198 2502 1268 μόνον
2561 1194 2690 1260 εἶδε,
2723 1195 2817 1248 τοῦ
2847 1195 3074 1263 πλησίον
3103 1195 3201 1264 τὴν
3232 1190 3529 1261 σωτηρίαν.

1943 1282 2054 1333 Καὶ
2079 1281 2177 1334 θέα
2201 1280 2298 1352 τὴν
2325 1280 2634 1352 ὑπερϐολήν
2653 1297 2667 1310 ·
2704 1280 2764 1331 οὐ
2800 1277 2910 1348 γὰρ
2941 1273 3093 1329 εἶπεν
3129 1275 3275 1339 ἆπαξ
3302 1274 3335 1344 ἢ
3369 1273 3472 1336 δὶς,
3497 1269 3534 1340 ἢ

1942 1363 2098 1416 τόσον
2124 1363 2218 1418 καὶ
2243 1364 2397 1417 τόσον
2421 1365 2638 1434 χρόνον·
2669 1361 2808 1426 ἀλλ’,
2837 1362 2942 1425 Εἰς
2967 1360 3076 1412 τὸν
3106 1357 3313 1419 αἰῶνα,
3347 1355 3540 1423 φησὶν,

1943 1449 2015 1500 οὐ
2032 1446 2119 1515 μὴ
2159 1446 2348 1516 φάγω,
2382 1449 2430 1499 εἰ
2483 1445 2894 1507 σκανδαλίζοιτο
2946 1443 3153 1511 ἕτερος.
3191 1441 3302 1494 Καὶ
3339 1439 3427 1491 ἵνα
3459 1435 3537 1506 μὴ

1945 1529 2172 1599 νομίσῃς
2204 1530 2376 1600 μέχρι·
2405 1528 2612 1582 τούτων
2665 1528 2827 1581 αὐτὸν
2857 1525 3103 1589 ἑστάναι,
3139 1524 3233 1577 καὶ
3261 1520 3450 1592 ἕτερόν
3483 1535 3538 1570 τι

1952 1615 2262 1685 προσέθηκε
2289 1615 2478 1668 τούτου
2513 1612 2670 1666 πλέον
2693 1629 2705 1642 ο
2745 1609 2914 1664 εἰπὼν
2944 1609 3074 1680 γὰρ,
3116 1608 3322 1660 Καλὸν
3348 1603 3415 1656 τὸ
3448 1602 3536 1670 μὴ

1945 1696 2159 1764 φαγεῖν
2184 1697 2384 1763 κρέας,
2413 1695 2572 1765 μηδὲ
2613 1695 2771 1748 πιεῖν
2809 1690 2998 1754 οἶνον,
3043 1691 3250 1760 συνῆψε
3292 1689 3538 1747 κάκεῖνο,

1947 1779 2113 1846 Μηδὲ
2138 1780 2208 1832 ἐν
2241 1773 2288 1845 ᾦ
2310 1784 2342 1834 ὀ
2376 1780 2643 1847 ἀδελφός
2678 1796 2793 1831 σου
2837 1776 3228 1845 προσκόπτει,
3281 1774 3318 1840 ἢ
3348 1786 3539 1824 σκαν-

1947 1861 2263 1922 δαλίζεταιο
2301 1863 2338 1927 ἢ
2396 1861 2656 1915 ἀσθενεῖ.
2694 1861 2800 1914 Καὶ
2846 1859 3006 1913 πάλιν
3055 1857 3248 1910 σκόπει
3308 1871 3397 1924 μοι
3443 1853 3543 1923 τὴν

1951 1945 2142 2014 σοφίαν
2171 1944 2265 1998 τοῦ
2315 1945 2637 1997 διδασκάλου
2663 1961 2674 1972 '
2713 1945 2802 1996 τὸν
2851 1943 2948 2013 μὲν
2981 1939 3314 1994 ἀσθενοῦντα
3356 1937 3540 2005 ἀφεὶς,

1949 2029 2039 2081 τὸν
2071 2028 2288 2100 ἰσχυρὸν
2321 2028 2525 2098 διορθοῖ
2576 2027 2682 2099 πρὸ
2726 2027 2970 2080 ἐκείνουυ
3015 2018 3169 2086 οὗτος
3214 2021 3324 2091 γάρ
3371 2020 3544 2081 αἴτιος

1949 2110 2043 2164 τοῦ
2075 2111 2322 2165 ἀσθενεῖν
2353 2113 2580 2173 ἐκεῖνον,
2613 2114 2639 2164 ό
2665 2111 2857 2182 κύριος
2882 2108 2956 2161 ῶν
2992 2106 3284 2178 διορθῶσαι
3317 2103 3414 2173 τὴν
3446 2102 3547 2172 ἀρ-

1955 2195 2210 2265 ρωστίαν,
2247 2196 2341 2247 καὶ
2397 2195 2470 2266 μὴ
2519 2194 2678 2246 τοῦτο
2717 2193 2907 2245 ποιῶν.
2963 2189 3075 2244 Καὶ
3121 2189 3173 2241 τί
3225 2188 3368 2254 λέγω
3415 2185 3548 2259 περὶ

1951 2275 2060 2328 τῶν
2097 2276 2340 2330 ἀσθενῶν
2389 2275 2674 2346 ἀδελφῶν;
2718 2277 2830 2329 Καὶ
2855 2273 2965 2343 γάρ
3003 2272 3098 2326 καὶ
3140 2269 3414 2331 Ἰουδαίοις
3453 2267 3548 2319 καὶ

1955 2359 2184 2431 Ἕλλησι
2248 2359 2462 2414 κελεύει
2518 2360 2724 2428 ταύτην
2781 2357 3044 2428 παρέχειν
3113 2354 3212 2424 τὴν
3267 2353 3546 2423 πρόνοιαν.

1967 2442 2362 2510 Ἇπρόσκοποι
2419 2441 2554 2516 γάρ,
2589 2442 2744 2515 φησί,
2789 2441 3032 2510 γίνεσθε
3085 2437 3187 2491 καὶ
3243 2434 3550 2500 Ἰουδαίοις

1955 2528 2053 2580 καὶ
2083 2528 2346 2596 “Ελ.-ἰησι
2375 2527 2473 2580 καὶ
2503 2526 2579 2595 τῇ
2621 2526 2955 2591 Ἐκκλησία
2984 2522 3091 2576 τοῦ
3118 2521 3268 2575 Θεοῦ
3301 2533 3346 2573 υ.
3384 2519 3550 2570 Ὥστε

1955 2611 2065 2680 ὅσῳ
2105 2610 2170 2663 ἂν
2209 2609 2556 2682 ἰσχυρότερον
2591 2604 2730 2661 εἶναι
2773 2607 2939 2678 λέγῃς
2987 2604 3202 2669 σαυτὸν,
3243 2597 3350 2655 καῖ’
3383 2600 3552 2672 μηδὲν

1957 2692 2064 2746 ἀπὸ
2103 2693 2205 2762 τῆς
2252 2692 2588 2763 ὁμοσκηνίας
2638 2692 2971 2762 βλάπτεσθαι
3028 2687 3263 2758 ταύτης,
3309 2685 3551 2753 τοσούτῳ

1961 2775 2162 2846 μᾶλλον
2209 2774 2512 2828 ὑπεύθυνον
2555 2774 2751 2828 σαυτὸν
2809 2773 3074 2842 καθιστᾷς
3109 2771 3205 2824 τοῦ
3253 2768 3553 2824 διασπάσαι

1957 2860 2047 2912 τὸν
2085 2859 2304 2929 δεσμόν.
2340 2860 2491 2927 Ὅσῳ
2530 2858 2639 2927 γὰρ
2676 2857 2742 2910 ἂν
2787 2852 2854 2928 ᾖς
2907 2855 3278 2926 ἰσχυρότερος,
3310 2850 3553 2922 τοσούτῳ

1957 2941 2292 3012 δικαιότερος
2328 2941 2394 2994 ἂν
2426 2941 2543 3010 εἴης
2588 2940 2680 2993 τὸν
2711 2938 3104 3009 ἀσθενέστερον
3153 2935 3550 2990 διαϐαστάσαι·

1960 3023 2026 3077 ἂν
2057 3024 2157 3094 μὲν
2188 3020 2282 3078 οὖν
2309 3022 2540 3093 ἀσθενὴς
2570 3017 2656 3094 ᾖς,
2686 3023 2775 3076 διὰ
2808 3021 3006 3075 σαυτὸν
3038 3020 3310 3090 ἀπόστηθι
3331 3035 3344 3048 ο
3374 3017 3469 3072 ἐάν
3497 3016 3556 3071 δὲ

1963 3107 2342 3178 ἰσχυρότερος,
2393 3104 2482 3158 διὰ
2533 3105 2624 3157 τὸν
2676 3103 3029 3158 ἀσθενοῦντα.
3086 3104 3160 3156 Οὐ
3213 3102 3323 3174 γὰρ
3375 3099 3556 3169 ἐαυτῷ

1964 3191 2146 3260 μόνον,
2214 3189 2352 3243 ἀλλά
2415 3190 2510 3242 καὶ
2557 3189 2768 3258 ἑτέροις
2822 3187 3041 3258 ἰσχυρὸν
3094 3183 3234 3239 εἶναι
3294 3186 3400 3256 χρὴ
3460 3183 3555 3237 τὸν

1965 3274 2238 3344 ἰσχύοντα.
2274 3273 2337 3325 Εἰ
2369 3272 2427 3326 δὲ
2474 3271 2648 3340 λέγων
2701 3269 2931 3340 ἰσχύειν,
2979 3271 3079 3340 τὴν
3118 3269 3405 3323 ἀσθένειαν
3456 3267 3559 3338 τὴν

1963 3359 2172 3412 ἐκείνου
2228 3357 2510 3427 περιορᾷς,
2563 3353 2761 3425 διπλῆν
2793 3353 2985 3417 δώσεις
3019 3354 3199 3423 δίκην,
3243 3355 3325 3406 ὅτι
3357 3369 3421 3404 τε
3455 3351 3559 3404 οὐκ

1963 3442 2186 3512 ἐφείσω,
2214 3442 2308 3494 καὶ
2343 3441 2425 3492 ὅτι
2457 3438 2658 3510 πολλὴν
2689 3439 2828 3508 ἔχων
2862 3438 2952 3492 τοῦ
2981 3437 3276 3507 φείσασθαι
3301 3436 3554 3508 δύναμιν.

1974 3524 2306 3587 ’Υπεύθυνος
2327 3523 2437 3594 γὰρ
2458 3523 2689 3584 ἕκαστος
2710 3522 2867 3592 ἡμῶν
2889 3521 2986 3592 τῆς
3005 3521 3100 3573 τοῦ
3129 3519 3356 3591 πλησίον
3382 3534 3560 3589 σωτη-

1967 3609 2090 3681 ρίας
2132 3609 2270 3663 ἐστί.
2301 3607 2401 3660 Διά
2430 3606 2588 3660 τοῦτο
2627 3606 2750 3677 οὐχὶ
2791 3604 2862 3659 τά
2895 3605 3106 3659 ἐαυτῶν
3144 3605 3388 3663 σκοπεῖν,
3421 3601 3562 3655 ἀλλά

1965 3695 2034 3748 τά
2065 3691 2161 3746 τοῦ
2197 3691 2426 3762 πλησίον
2449 3690 2871 3762 ἐκελεύσθημεν.
2901 3691 3078 3761 Τιμῆς
3100 3689 3211 3760 γὰρ
3245 3684 3560 3758 ἠγοράσθη-

1970 3793 2068 3848 μεν
2089 3792 2102 3805 ⁸
2136 3778 2164 3829 6
2193 3775 2251 3828 δὲ
2283 3774 2561 3846 ἀγοράσας
2606 3776 2754 3844 ἡμᾶς
2782 3772 2942 3826 τοῦτο
2989 3771 3324 3844 προσέταξεν
3366 3770 3460 3823 ἐπὶ
3491 3770 3560 3840 τῇ

1967 3862 2120 3930 κοινῇ
2171 3858 2390 3912 πάντων
2446 3858 2603 3928 ἡμῶν
2665 3856 2996 3928 λυσιτελείᾳ.
3051 3855 3190 3910 Οὐδὲ
3245 3854 3355 3924 γάρ
3402 3852 3564 3906 τοῦτο

1972 3943 2131 4014 μόνον
2159 3941 2451 4011 συμσαίνει
2504 3942 2565 3994 τὸ
2616 3940 2830 4012 κέρδος,
2865 3940 2949 3992 ότι
2998 3939 3068 3992 τὰ
3097 3939 3273 3990 οἰκεῖα
3316 3936 3565 4008 σώζομεν

1971 4027 2132 4098 μέλη,
2164 4025 2279 4078 ἀλλ’
2313 4026 2397 4078 ὅτι
2428 4025 2524 4078 καὶ
2569 4024 2792 4094 ἐτέρους
2831 4022 2849 4061 ί
2884 4023 2943 4076 ἐν
2989 4021 3260 4092 ἀσφαλείᾳ
3291 4019 3565 4072 καθιστῶ-

1972 4129 2071 4182 μεν
2108 4107 2337 4180 μείξονι.
2392 4108 2511 4162 Κᾶν
2555 4109 2664 4179 γάρ
2703 4105 2967 4178 μυριάκις
3005 4106 3327 4174 φιλοσοφῇς,
3357 4104 3424 4156 δι’
3464 4104 3564 4156 αὐ-

1968 4193 2076 4247 τῶν
2107 4192 2304 4262 ἐλέγχῃ
2339 4192 2448 4244 τῶν
2484 4191 2851 4261 πραγμάτων,
2880 4189 2942 4242 οὐ
2983 4190 3083 4260 τὴν
3112 4187 3386 4258 τυχοῦσαν
3410 4187 3565 4257 δεχό-

1973 4293 2134 4346 μενος
2187 4274 2392 4347 βλάϐην
2441 4275 2550 4328 ἀπὸ
2581 4275 2680 4344 τῆς
2719 4275 3085 4343 συνοικήσεως
3125 4269 3350 4340 ταύτης.
3398 4270 3567 4323 Ὅταν

1971 4359 2081 4431 γάρ
2129 4359 2224 4412 ἴδω
2283 4375 2342 4410 σε
2391 4357 2864 4419 δυσαποσπάστως
2914 4355 3144 4426 έχοντα,
3195 4355 3290 4407 καὶ
3354 4352 3566 4424 μυρίων

1973 4440 2360 4512 βλαπτομένων
2385 4439 2854 4511 καταφρονοῦντα,
2887 4440 2980 4492 καὶ
3015 4437 3227 4492 πολλῶν
3272 4436 3567 4505 ἐγκαλούν-

1969 4544 2078 4579 των
2119 4524 2242 4578 οὐδὲ
2287 4525 2775 4595 ἐπιστρεφόμενον,
2811 4523 2948 4576 ἀλλά
2979 4525 3073 4576 καὶ
3115 4521 3215 4593 τὴν
3247 4522 3406 4587 δόξαν
3441 4536 3570 4573 σαυ-

1971 4607 2065 4661 τοῦ
2115 4606 2560 4669 καταπατοῦντα,
2605 4607 2700 4659 καὶ
2740 4606 2816 4677 τῷ
2867 4605 3034 4676 κοινῷ
3079 4605 3181 4675 τῆς
3237 4603 3567 4673 Ἐκκλησίας

1974 4691 2437 4763 προστριϐόμενον
2470 4691 2807 4761 κατηγορίαν
2839 4689 3060 4760 πολλὴν,
3091 4691 3184 4742 καὶ
3211 4689 3279 4742 τὰ
3311 4689 3414 4742 τῶν
3443 4687 3568 4740 ἀπί-

1976 4793 2116 4829 στων
2151 4775 2441 4843 ἀνοίγοντα
2490 4774 2758 4844 στόματα,
2794 4775 2887 4826 καὶ
2922 4774 3130 4836 πάντας
3162 4774 3374 4844 πονηρᾷ
3409 4789 3568 4843 περι-

1975 4859 2238 4914 ϐάλλοντα
2270 4859 2417 4932 δόξῃ,
2454 4860 2547 4912 καὶ
2594 4857 2831 4911 τοσαῦτα
2885 4859 2983 4928 μὲν
3017 4857 3124 4909 ἀπὸ
3153 4856 3246 4910 τοῦ
3299 4859 3568 4910 συνοικεῖν

1977 4944 2142 5009 κακὰ,
2171 4942 2375 5010 ἀγαθὸν
2404 4941 2461 4994 δέ
2489 4942 2658 5012 μηδὲν
2690 4943 2818 5012 ὑμῖν
2846 4942 3220 5010 ἐγγινόμενον,
3257 4941 3366 4994 ἀπὺ
3391 4941 3449 4994 δὲ
3473 4941 3568 4994 τοῦ

1976 5025 2280 5099 χωρισμοῦ,
2311 5028 2517 5080 τούτων
2566 5026 2664 5097 μὲν
2699 5027 2958 5080 ἁπάντων
2994 5025 3094 5093 τὴν
3132 5024 3418 5096 ἀναίρεσιν
3461 5026 3571 5079 τῶν

1977 5112 2181 5177 κακῶν,
2217 5111 2430 5165 πολλῶν
2460 5111 2516 5164 δὲ
2565 5110 2772 5183 ἐτέρων
2815 5111 3011 5178 κτῆσιν
3040 5108 3282 5176 ἀγαθῶν,
3314 5105 3434 5164 εἶτα
3471 5110 3573 5163 οὐκ

1977 5195 2305 5266 ἀνεχόμενον
2336 5193 2709 5266 ἀποπηδῆσαι,
2741 5193 2857 5257 πῶς
2889 5194 3192 5264 δυνήσομαι
3229 5196 3414 5247 πεῖσαι
3444 5193 3572 5254 τοὺς

1978 5278 2369 5346 ἐγκαλοῦντας,
2413 5278 2496 5329 ὅτι
2531 5279 2712 5348 πάσης
2763 5275 3074 5348 ἀπήλλαξαι
3113 5277 3492 5346 προσπαθείας
3524 5277 3571 5336 ε,

1979 5362 2072 5413 καὶ
2095 5361 2392 5430 ἐπιθυμίας
2428 5356 2478 5412 εἷ
2501 5363 2749 5432 πονηρᾶς
2781 5361 3054 5431 καθαρός;
3090 5360 3308 5414 Μᾶλλον
3332 5361 3390 5413 δὲ
3419 5359 3573 5412 οὐδὲν

1981 5444 2121 5516 ὑπὲρ
2170 5443 2377 5497 τούτων
2429 5444 2753 5513 φιλονεικῶ·
2799 5444 2952 5517 [254]
3001 5444 3118 5498 ἀλλ’
3152 5445 3292 5497 ἔστω
3339 5461 3396 5496 σε
3433 5438 3572 5496 εἶναι

1981 5530 2075 5581 καὶ
2103 5529 2455 5582 συνοικοῦντα
2486 5528 2754 5598 καθαρόν·
2793 5528 2971 5582 καίτοι
2994 5545 3057 5596 γε
3083 5530 3112 5581 6
3145 5528 3418 5598 μακάριος
3453 5523 3573 5579 ’1ὼὸ

1981 5613 2081 5665 οὐκ
2110 5612 2378 5683 ἐτόλμησε
2409 5611 2680 5683 τοσαύτην
2725 5611 2904 5680 ἐαυτῷ
2951 5613 3303 5683 μαρτυρῆσαι
3336 5610 3570 5679 δύναμιν

1983 5696 2077 5748 καὶ
2107 5695 2448 5765 φιλοσοφίαν,
2477 5694 2592 5748 ἀλλ’
2622 5697 2651 5748 ό
2699 5695 2880 5749 πᾶσαν
2922 5693 3166 5748 ἐπελθὼν
3210 5693 3436 5766 ἀρετὴν,
3477 5692 3572 5747 καὶ

2054 5844 2076 5916 ξ
2101 5840 2253 5916 ξδιῇἰί.
2277 5840 2376 5916 ’τοῦ
2398 5841 2625 5916 ὶςριστοῦ.

2054 5902 2073 5941 ¹’
2100 5904 2249 5952 SaVil.
2271 5902 2482 5958 ἑαυτούς.

2054 5967 2078 6007 ⁸
2103 5967 2164 6028 sa
2171 5965 2249 6015 vil.
2277 5964 2582 6029 συμπαθείας.
