4264 6312
281 369 375 434 501

280 480 534 534 oninibus
561 478 755 532 diaboli
787 477 983 531 retibus
1009 483 1276 529 extracws
1302 491 1315 526 :
1346 473 1432 541 qui
1464 473 1667 542 primus
1694 482 1748 524 et
1774 482 1864 522 so-

284 571 368 625 lus
396 579 598 623 tantam
641 567 1002 622 fortitudinem
1029 562 1415 618 demonstravit
1439 571 1541 628 ,.et
1563 575 1721 614 omne
1752 557 1862 613 fer:-

284 676 406 715 rum
457 670 514 715 et
556 659 891 712 adamantem
937 671 1031 709 sua
1079 655 1404 709 continentia
1458 660 1864 720 praetergressus

282 748 628 804 subnervavit
651 747 845 801 diaboli
877 754 1210 814 potestatem,
1236 743 1313 794 sic
1342 744 1539 799 veritus
1566 749 1680 794 erat
1706 738 1862 792 talem

285 854 513 909 pugnam
539 880 558 901 ,
601 847 656 892 et
698 837 767 891 ita
800 837 998 906 putavit
1039 833 1366 903 impossibile
1404 847 1523 886 esse
1560 829 1867 884 cohabitare

282 930 474 1000 virgini
501 930 616 984 sine
663 929 856 982 damno
883 935 936 981 et
962 940 1173 994 purum,
1216 932 1274 977 ut
1314 938 1417 976 non
1449 923 1618 996 solum
1646 935 1675 973 a
1700 918 1865 973 cuba-

286 1021 542 1074 bitatione
595 1018 687 1072 tali
732 1016 918 1086 procul
964 1024 1018 1069 et
1066 1014 1221 1084 longe
1259 1013 1527 1081 seipsum,
1574 1014 1666 1063 sed
1708 1019 1761 1062 et
1799 1006 1867 1060 ab

283 1119 506 1179 aspectu
542 1123 765 1178 prorsus
807 1116 863 1162 et
890 1107 1158 1162 consortio
1201 1103 1556 1165 subduxerit,
1589 1101 1867 1170 legemque

285 1200 528 1271 posuerit
552 1198 722 1254 oculis
757 1198 868 1252 suis
907 1198 1125 1252 omnino
1150 1197 1200 1250 in
1225 1191 1481 1264 virginem
1505 1209 1572 1247 ne
1600 1193 1868 1261 respicere

285 1291 522 1360 quidem.
555 1288 766 1344 Sciebat
794 1288 935 1342 enim
965 1296 1020 1341 et
1045 1286 1206 1356 probe
1238 1295 1457 1339 noverat
1482 1283 1623 1353 quod
1655 1297 1760 1336 non
1783 1295 1868 1334 soo

285 1380 397 1435 lum
422 1378 814 1433 cohabitantem
839 1417 854 1440 ,
893 1375 987 1431 sed
1013 1383 1066 1429 et
1095 1375 1437 1444 aspicientem
1473 1373 1692 1426 curiose
1711 1371 1761 1424 in
1794 1369 1870 1422 fa-

285 1469 672 1539 ciemvirginis
696 1465 910 1522 difficile
933 1507 949 1532 ,
967 1519 970 1522 .
991 1465 1129 1520 forte
1152 1475 1329 1519 autem
1358 1474 1412 1520 et
1450 1463 1776 1533 impossibile
1802 1463 1871 1515 sit

285 1559 522 1630 effugere
541 1558 792 1613 damnum
813 1598 829 1622 ,
861 1556 1000 1626 quod
1031 1556 1154 1610 inde
1181 1556 1369 1610 oritur.
1400 1555 1623 1622 Propter
1646 1551 1788 1622 quod
1815 1560 1870 1606 et

286 1651 519 1712 dicebat,
559 1647 638 1703 Ne
655 1649 864 1718 cogitem
891 1648 1092 1716 quidem
1116 1646 1178 1699 de
1204 1647 1394 1716 virgine
1424 1643 1545 1714 (Job
1564 1645 1700 1699 ΜΛ
1728 1644 1769 1714 ).

359 1741 412 1794 5.
429 1741 495 1792 At
513 1739 555 1792 si
571 1737 980 1807 parvusvidetur
997 1737 1084 1791 tibi
1108 1736 1173 1790 ad
1197 1747 1465 1790 certamen
1488 1735 1613 1800 Job,
1630 1735 1872 1804 quamvis

290 1843 480 1883 revera
505 1843 676 1897 neque
700 1837 939 1898 stercore
960 1826 1100 1880 illius
1121 1825 1285 1880 simus
1301 1825 1445 1895 digni
1466 1841 1479 1889 ;
1503 1816 1886 1879 verumtamen

287 1915 414 1970 licet
435 1918 609 1969 minus
629 1923 715 1969 tua
738 1915 1168 1985 magnanimitate
1196 1929 1315 1969 esse
1344 1923 1495 1984 putes
1525 1914 1834 1983 exemplum
1852 1954 1868 1978 ,

285 1993 468 2060 cegita
490 1989 900 2045 vocalissimum
926 2008 1231 2060 prazconem
1256 1995 1503 2050 veritatis
1524 1993 1750 2048 Paulum
1775 1997 1869 2065 qui

286 2086 464 2131 totum
485 2077 672 2132 orbem
697 2079 919 2141 circuit,
938 2089 992 2135 et
1015 2081 1196 2136 dicere
1220 2083 1396 2152 potuit
1417 2084 1580 2137 verba
1598 2085 1685 2137 illa
1702 2085 1872 2139 multa

287 2163 558 2230 sapientia
589 2165 812 2230 referta,
843 2167 987 2234 quod
1015 2168 1253 2236 nonjam
1287 2168 1402 2238 ipse
1433 2169 1507 2223 sit
1534 2170 1743 2237 vivens,
1773 2173 1870 2226 sed

286 2248 543 2305 Christus
569 2251 621 2303 in
641 2252 760 2321 ipso
783 2250 996 2322 (Galat.
1019 2254 1074 2307 2.
1096 2254 1213 2326 20),
1233 2264 1285 2310 et
1307 2256 1452 2326 quod
1484 2259 1782 2313 cruciﬁxus
1801 2259 1874 2315 sit

286 2338 497 2392 mundo
528 2345 582 2392 et
607 2338 846 2394 mundus
874 2340 977 2394 sibi
1012 2339 1114 2410 (Ib.
1144 2343 1197 2398 6.
1242 2343 1352 2412 ﬂ),
1382 2349 1434 2396 et
1463 2343 1608 2411 quod
1636 2343 1879 2412 quotidie

289 2425 560 2479 moriatur
583 2428 660 2494 (t.
686 2427 812 2481 Cor.
843 2429 928 2483 15.
960 2429 1018 2482 3i
1039 2429 1064 2499 ·)
1091 2445 1104 2482 :
1140 2439 1262 2499 post
1279 2438 1485 2485 tantam
1507 2433 1734 2501 Spiritus
1753 2448 1878 2503 gra-

287 2512 421 2564 tiam
445 2520 498 2566 ct
528 2521 680 2566 tanta
697 2516 1060 2570 certaminum
1086 2518 1408 2586 specimina,
1443 2527 1565 2587 post
1589 2520 1878 2574 inenarra-

286 2601 417 2655 bilia
438 2605 701 2671 pericula,
724 2617 848 2676 post
863 2614 974 2660 tam
991 2608 1204 2662 eximiae
1222 2605 1519 2678 diligentiae
1531 2617 1584 2664 et
1599 2611 1880 2680 sapientiae

288 2688 560 2754 studium,
581 2691 822 2746 declarat
838 2693 996 2748 nobis
1013 2702 1496 2759 etcommonstrat,
1520 2696 1687 2765 quod,
1707 2696 1882 2753 donec

287 2775 686 2844 spiraverimus
701 2787 754 2834 et
783 2779 886 2835 bac
907 2795 1077 2837 carne
1097 2781 1364 2838 fuerimus
1386 2783 1736 2849 circumdati,
1759 2802 1881 2843 eer-

284 2862 588 2920 taminibus
608 2865 766 2919 nobis
784 2882 922 2936 opus
940 2876 1025 2924 est
1046 2878 1100 2924 et
1118 2869 1399 2927 laboribus
1420 2887 1597 2942 neque
1611 2876 1723 2928 otio
1744 2883 1881 2929 tem-

285 2951 535 3015 perantia
564 2960 809 3020 paratur,
832 2953 924 3008 sed
958 2956 1148 3012 multis
1178 2956 1471 3013 sudoribus
1507 2967 1561 3012 et
1601 2960 1880 3016 laboribus

284 3048 427 3101 opus
449 3036 620 3090 estad
648 3038 1040 3106 hoc‘tropteum
1064 3041 1391 3109 parandum,
1413 3043 1495 3097 sic
1515 3043 1704 3098 dicens
1730 3063 1744 3097 :
1779 3044 1883 3098 Ca-

283 3120 423 3188 stigo
457 3138 648 3190 corpus
674 3141 844 3177 meum
865 3165 879 3189 ,
911 3135 960 3178 et
989 3128 1045 3178 in
1069 3130 1372 3181 servitutem
1408 3128 1591 3198 redigo
1613 3168 1628 3193 ,
1656 3146 1720 3184 ne
1750 3132 1877 3184 dum

208 3256 215 3266 ,
285 3207 409 3262 aliis
437 3208 791 3276 pradicavero
813 3213 921 3278 ipse
950 3211 1212 3279 reprobus
1237 3215 1363 3282 fiam
1393 3214 1468 3284 (Ι.
1501 3212 1628 3271 Cor.
1661 3214 1716 3279 9,
1759 3215 1875 3287 ετ).

284 3292 413 3349 flzec
439 3305 622 3350 autem
659 3287 877 3352 dicebat
904 3300 1195 3355 declarans
1226 3301 1551 3358 seditionem
1578 3304 1789 3367 carnis,
1822 3312 1877 3359 et

285 3384 752 3452 concupiscentiae
772 3387 1000 3450 rabiem,
1029 3389 1390 3459 praeliumque
1416 3391 1768 3455 continuum,
1813 3406 1877 3447 ac

289 3470 460 3524 vitam
529 3487 749 3543 semper
793 3474 848 3528 in
893 3490 1069 3545 agone
1118 3479 1498 3532 constitutam.
1549 3478 1616 3532 Et
1670 3480 1878 3535 idcirco

287 3555 454 3610 etiam
491 3555 750 3615 Christus
787 3560 1160 3616 difﬁcultatem
1215 3565 1289 3618 rei
1325 3564 1616 3620 declarans
1640 3604 1656 3630 ,
1698 3582 1878 3638 neque

287 3643 374 3712 vel
415 3644 564 3701 licite
601 3648 847 3716 aspicere
891 3651 1163 3717 permittit
1208 3651 1505 3706 mulierum.
1535 3652 1742 3718 facies,
1781 3655 1894 3710 sed.

285 3737 342 3783 et
389 3731 768 3788 adulterorum
825 3749 988 3804 pinna
1036 3737 1345 3805 puniendos
1385 3739 1465 3793 sic
1517 3741 1879 3810 respicientes

286 3819 679 3878 interminatus
723 3831 827 3877 est.
888 3822 952 3875 Et
1001 3841 1124 3877 cum
1167 3825 1398 3879 dixisset
1465 3825 1694 3894 Petrus,
1754 3827 1879 3884 Non

279 3898 480 3966 expedit
505 3916 713 3955 uxorem
737 3901 920 3976 ducere
947 3901 1155 3974 (Matth.
1188 3904 1275 3959 l9.
1307 3905 1418 3973 10),
1453 3923 1558 3960 non
1583 3908 1765 3961 statuit
1793 3908 1868 3962 le-

274 4003 398 4057 gem
427 4005 494 4043 ne
519 3990 781 4046 ducantur
801 4010 1014 4061 uxores,
1041 3995 1132 4050 sed
1157 3997 1467 4064 gravitatem
1491 3999 1566 4054 rei
1588 3998 1866 4054 declarans

277 4076 529 4133 diccbat':
566 4081 666 4146 Qui
693 4093 854 4150 potest
891 4101 1071 4154 capere
1108 4087 1275 4155 capiat
1301 4087 1421 4157 (Ib.
1457 4105 1502 4142 υ.
1536 4090 1601 4143 12
1628 4090 1667 4161 ).
1702 4091 1867 4145 Atidi-

279 4184 396 4223 mus
423 4181 600 4225 autem
628 4181 680 4227 et
708 4173 810 4228 hoc
836 4186 1018 4230 nostro
1037 4161 1259 4244 saeculo,
1285 4180 1426 4248 quod
1457 4182 1695 4235 nonnulli
1725 4182 1868 4237 ferro

277 4269 446 4314 totum
474 4277 670 4332 corpus
696 4264 940 4335 ligantes,
972 4276 1025 4321 et
1054 4283 1208 4323 sacco
1235 4271 1543 4338 vestientes,
1569 4281 1623 4328 et
1649 4274 1714 4327 ad
1743 4289 1864 4329 ver-

277 4353 411 4407 tices
450 4357 708 4411 montium
754 4369 1034 4414 currentes
1055 4403 1068 4427 ,
1102 4371 1158 4415 et
1188 4362 1239 4416 in
1268 4364 1536 4417 continuis
1557 4367 1774 4435 jejuniis
1805 4382 1868 4423 ac

276 4445 569 4514 pervigiliis
593 4449 832 4503 viventes
857 4491 872 4516 ,
903 4466 1222 4522 omnemque
1269 4454 1564 4524 disciplinm
1605 4458 1865 4513 severita-

278 4547 386 4590 tem
421 4538 802 4606 ostendentes,
835 4541 1082 4596 onmibus
1122 4543 1430 4598 mulieribus
1476 4547 1770 4616 ingressum
1814 4548 1863 4601 in

274 4626 653 4682 domunculam
681 4640 733 4684 et
759 4633 1024 4700 tugurium
1045 4648 1197 4686 suum
1224 4635 1561 4701 interdicere,
1587 4646 1744 4706 atque
1767 4638 1866 4694 hac

274 4719 480 4773 ratione
497 4719 702 4788 seipsos
732 4723 1070 4791 castigantes,
1102 4740 1244 4794 aegre
1275 4735 1448 4781 tamen
1480 4730 1866 4797 concupiscen-

275 4808 361 4861 tiae
383 4808 613 4866 furorem
636 4814 1012 4882 comprimere.
1037 4817 1104 4870 At
1127 4827 1179 4892 tu
1202 4819 1332 4873 dicis
1355 4819 1516 4888 quod,
1542 4821 1659 4876 licet
1686 4822 1865 4877 videas

271 4899 628 4956 coltabitatem
659 4904 881 4973 virgini,
912 4916 964 4958 et
993 4906 1258 4977 alligatum
1282 4948 1295 4972 ,
1328 4918 1382 4963 et
1409 4909 1746 4966 deliciantem
1768 4953 1782 4978 ,
1813 4921 1870 4967 et

273 4992 507 5045 animam
537 4994 709 5061 potius
739 4996 1070 5052 amittentem
1096 5014 1253 5068 quam
1285 5001 1742 5070 cobabitatricem,
1774 5021 1866 5074 pa-

273 5091 557 5152 ratumque
571 5084 748 5138 omnia
770 5094 824 5139 et
849 5086 1020 5142 facere
1041 5098 1094 5142 et
1120 5089 1226 5157 pati
1253 5092 1426 5159 potius
1448 5109 1605 5162 quam
1628 5097 1863 5164 separari

273 5186 300 5223 a
334 5171 556 5235 dilecta,
579 5189 647 5228 ne
677 5177 966 5244 suspiceris
997 5178 1192 5247 aliquid
1221 5180 1382 5245 mali,
1425 5197 1492 5237 ne
1536 5192 1689 5252 putes
1731 5199 1864 5239 con-

274 5265 616 5332 cupiscentias
647 5269 936 5336 negotium,
970 5269 1064 5323 sed
1094 5270 1303 5338 pietatis
1329 5273 1525 5341 potius.

345 5355 428 5410 Ea:
454 5359 705 5411 consortio
745 5359 994 5430 virginum
1033 5362 1257 5438 nascitur
1300 5366 1578 5418 necessario
1618 5369 1861 5438 concupi-

272 5450 484 5502 scentia.
508 5479 579 5489 —
605 5450 930 5506 Admirande
953 5453 1051 5518 vir,
1084 5453 1128 5506 is
1153 5454 1375 5509 affectus
1402 5466 1484 5511 est
1514 5457 1580 5511 iis
1607 5459 1697 5527 qui
1725 5459 1861 5528 lapi-

272 5540 427 5594 dibus
455 5541 784 5609 cohabitant,
823 5558 928 5597 non
957 5543 1278 5600 hominibus.
1308 5547 1373 5600 Et
1403 5555 1455 5601 tu
1487 5548 1698 5618 quidem
1729 5552 1862 5606 forte

273 5647 382 5686 non
410 5632 586 5687 credis
614 5633 684 5687 ob
707 5649 949 5705 magnam
969 5644 1108 5690 tuam
1127 5637 1538 5704 continentiam;
1565 5655 1660 5712 ego
1683 5651 1860 5696 autem

275 5723 452 5779 audivi
481 5723 737 5796 quosdam
768 5725 1006 5782 dicentes
1033 5727 1172 5798 quod
1203 5730 1361 5785 etiam
1389 5731 1536 5786 multi
1569 5747 1692 5803 erga
1725 5733 1861 5804 lapi—

950 360 1220 418 CONTRA
1262 359 1388 415 EOS
1424 357 1539 424 QUI
1578 349 2186 412 SUblNTRODUCTAS
2225 353 2496 408 lIABENT
2537 350 2874 407 VlllGlNES.

3449 349 3557 405 5C2

1973 464 2166 520 deset
2208 475 2406 521 statuas
2450 467 2689 520 nonnihil
2716 466 2887 520 affecti
2917 467 3040 519 sint.
3073 464 3224 532 Quod
3267 466 3310 519 si
3355 472 3556 518 tantum

1973 557 2438 612 valuitartificium
2479 558 2672 620 solum,
2708 557 2792 611 ubi
2835 572 3021 625 aspera
3067 565 3120 610 et
3157 556 3288 610 dura
3329 555 3553 626 effigies,

1973 657 2221 716 quantam
2251 650 2556 718 operabitur
2587 649 2844 702 insaniam
2878 650 2928 701 in
2951 647 3127 717 effigie
3153 647 3375 716 pulchra
3410 656 3560 701 tene-

1974 755 2089 793 rum
2116 740 2346 809 corpus?
2370 741 2646 805 Quomodo
2668 757 2773 794 non
2797 740 3082 794 credentur
3103 741 3269 808 magis
3299 739 3561 793 verisimi«

1974 832 2041 885 lia
2072 832 2252 886 dicere
2280 833 2369 900 qui
2399 849 2490 886 vos
2516 845 2786 895 accusant,
2814 848 2973 900 quam
3004 846 3099 885 vos
3124 833 3211 900 qui
3239 831 3562 886 defenditis?

1974 922 2110 989 Quid
2130 923 2269 976 enim
2295 923 2596 984 verisimile,
2621 923 2704 975 dic
2733 922 2895 975 mihi?
2920 938 2985 975 an
3011 922 3151 992 quod
3181 922 3263 975 vir
3283 923 3560 976 mulierem

1974 1014 2333 1081 concupiscat,
2362 1028 2426 1064 an
2458 1013 2596 1081 quod
2629 1030 2730 1066 non
2758 1012 3133 1082 concupiscat?
3159 1012 3389 1067 Omnino
3407 1014 3560 1067 dixe-

1975 1104 2140 1156 rimus
2167 1104 2305 1172 quod
2335 1105 2693 1172 concupiscat.
2726 1104 2952 1156 Rursum
2981 1118 3100 1157 cum
3125 1104 3415 1158 innumera:
3436 1120 3563 1157 eau-

1976 1210 2047 1248 δῖε
2075 1195 2346 1263 impellant
2376 1205 2431 1249 ut
2451 1195 2774 1264 egrediatur,
2808 1196 3109 1265 nec-egredi
3141 1197 3295 1259 velit,
3338 1197 3430 1250 sed
3475 1213 3578 1250 se-~

1976 1286 2149 1354 ipsum
2178 1287 2398 1356 injiciat,
2419 1288 2564 1342 nullo
2583 1303 2758 1356 operte
2789 1288 2975 1356 pretio,
2998 1289 3179 1343 multis
3205 1305 3329 1343 vero
3356 1291 3565 1359 probris

1976 1391 2038 1429 ac
2081 1377 2413 1431 nocumentis
2459 1377 2822 1445 Sequentibus,
2858 1390 2967 1431 tum
3000 1379 3145 1444 suis,
3195 1388 3304 1433 tum
3351 1381 3563 1446 alienis,

1977 1467 2101 1536 quid
2133 1467 2256 1522 hinc
2279 1462 2669 1537 eonjicias?.Ex
2691 1467 2904 1523 bonane
2933 1469 3041 1523 hoc
3053 1479 3250 1537 agatur
3269 1472 3562 1540 proposito,

1978 1573 2042 1611 an
2071 1573 2138 1614 ex
2170 1559 2344 1614 male?
2371 1559 2572 1628 Opinor
2595 1560 2714 1628 quis
2739 1560 2892 1614 facile
2913 1559 3106 1613 dixerit
3136 1560 3275 1629 quod
3307 1575 3369 1624 ex
3396 1561 3558 1615 male.

1979 1649 2356 1705 Verumtamen
2380 1665 2485 1704 non
2515 1649 2583 1705 de
2625 1650 2854 1720 iis-ipsis
2878 1651 3158 1721 diligenter
3183 1651 3559 1715 scrutabimur.

1980 1739 2073 1793 sed
2114 1749 2340 1808 ponatur
2365 1740 2505 1810 quod
2529 1741 2565 1794 ii
2595 1741 2683 1810 qui
2712 1740 3138 1808 scandalizantur
3158 1757 3265 1795 non
3295 1741 3566 1795 scandali-

1979 1839 2166 1884 zantur
2190 1830 2351 1899 juste,
2381 1831 2474 1885 sed
2505 1840 2706 1886 temere
2725 1841 2778 1886 et
2804 1831 2919 1886 sine
2942 1846 3099 1885 causa
3123 1850 3133 1882 :
3153 1831 3238 1885 dic
3262 1832 3389 1885 mihi
3412 1831 3566 1901 cujus

1976 1920 2351 1990 gratiarvirgini
2371 1920 2680 1975 cohabitas?
2705 1919 2859 1975 Nulla
2885 1920 3028 1974 enim
3049 1920 3153 1974 alia
3181 1920 3245 1976 de
3269 1936 3426 1975 causa
3450 1930 3564 1974 sta-

1979 2021 2090 2065 tuta
2117 2021 2200 2065 est
2226 2011 2546 2066 cohabitatio
2571 2011 2704 2077 brec,
2730 2027 2886 2080 quam
2912 2019 3128 2081 propter
3151 2012 3493 2067 dilectionem
3511 2024 3567 2067 et

1977 2117 2214 2156 amorem
2237 2121 2250 2158 :
2279 2119 2399 2157 nam
2417 2092 2565 2156 aufer
2583 2102 2699 2167 hoc,
2723 2111 2776 2156 et
2797 2102 3068 2156 auferetur
3094 2102 3168 2156 rei
3200 2102 3415 2157 utilitas.
3436 2102 3566 2170 Quis

1977 2194 2118 2246 enim
2151 2194 2229 2246 vir
2255 2202 2360 2258 est,
2391 2193 2480 2262 qui
2503 2193 2661 2246 vellet
2691 2193 2808 2246 sine
2832 2191 2929 2246 hac
2957 2192 3273 2246 necessitate
3302 2192 3442 2246 ferre
3467 2191 3567 2246 dc-

1978 2284 2124 2339 licias
2151 2293 2204 2339 et
2231 2285 2449 2354 injurias
2489 2285 2775 2339 muliebres
2804 2294 2855 2339 et
2884 2286 2985 2339 alia
3019 2286 3172 2354 hujus
3218 2301 3379 2341 sexus
3400 2286 3568 2341 vitia?

1979 2376 2268 2446 Propterea
2297 2385 2351 2432 et
2375 2377 2441 2431 ab
2468 2377 2618 2431 initio
2647 2378 2785 2432 Deus
2811 2378 3089 2431 mulierem
3122 2377 3223 2432 hoc
3252 2378 3445 2432 robore
3480 2393 3570 2432 at»

1977 2467 2163 2533 mavit,
2189 2466 2354 2536 probe
2373 2467 2547 2520 sciens
2563 2467 2702 2536 quod
2728 2467 2882 2522 valde
2905 2467 3244 2537 despicabilis
3272 2476 3436 2532 esset,
3467 2467 3573 2522 nisi

1980 2552 2082 2611 hoc
2110 2571 2277 2627 genus
2304 2557 2511 2626 imperii
2539 2556 2835 2622 induceret,
2879 2565 2932 2611 et
2959 2557 3103 2624 quod
3131 2556 3305 2612 nullus
3335 2557 3382 2611 ei
3410 2557 3570 2611 colla.

1979 2647 2236 2702 bitaturus
2277 2657 2438 2714 esset,
2483 2649 2570 2717 qui
2609 2663 2638 2701 a
2684 2649 3062 2718 cupiditatibus
3110 2659 3252 2703 esset
3295 2649 3570 2704 immunis.

1975 2738 2107 2793 Nam
2126 2739 2171 2792 si
2191 2753 2351 2801 nunc,
2370 2754 2489 2792 cum
2512 2749 2617 2793 tam
2637 2741 2951 2794 necessarim
2974 2749 3025 2794 et
3041 2741 3195 2795 utiles
3216 2751 3360 2805 sunt,
3375 2743 3571 2810 quippe

1976 2844 2096 2899 qua:
2136 2839 2187 2882 et
2224 2843 2418 2896 pueros
2463 2838 2760 2897 procreant,
2809 2839 2862 2884 et
2895 2830 3112 2884 domum
3143 2833 3470 2894 custodiunt,
3511 2844 3566 2887 et

1974 2920 2076 2974 alia
2105 2920 2269 2974 multa
2301 2920 2384 2974 bis
2413 2920 2561 2991 plura
2592 2922 2966 2976 administrant
3009 2941 3022 2977 :
3051 2924 3093 2977 si
3121 2924 3413 2978 etiamnum
3445 2941 3570 2979 cum

1975 3010 2045 3064 ita
2071 3010 2199 3063 viris
2226 3011 2548 3076 ministrant,
2569 3025 2710 3080 smpe
2740 3022 2914 3065 tamen
2942 3022 3260 3082 contempta:
3288 3014 3431 3078 smit,
3453 3027 3510 3068 ut
3540 3033 3571 3068 e

1978 3101 2137 3155 domo
2159 3101 2458 3170 ejiciantur,
2487 3102 2755 3169 quomodo
2781 3104 2982 3170 absque
3011 3105 3439 3172 concupiscentia
3469 3121 3567 3159 no-

1977 3191 2060 3247 bis
2087 3206 2206 3246 esse
2237 3201 2456 3262 possunt
2480 3192 2709 3258 dilectae,
2739 3196 3031 3265 pra'sertim
3072 3212 3190 3264 qua:
3233 3213 3331 3252 nos
3359 3206 3437 3252 tot
3473 3216 3570 3266 op—

1976 3283 2207 3353 probriis
2227 3285 2484 3340 onerant?
2511 3284 2608 3340 Vel
2648 3301 2775 3355 ergo
2799 3302 3013 3342 causam
3041 3289 3450 3344 cohabitationis
3488 3293 3570 3345 di-

1980 3374 2102 3441 cite,
2136 3375 2440 3431 velnullam
2469 3376 2626 3429 aliam
2652 3378 2908 3448 suspicari
2931 3394 3174 3448 necesse,
3197 3397 3352 3450 quam
3378 3383 3570 3437 malam

1977 3466 2466 3534 concupiscentiam
2493 3475 2545 3521 et
2577 3466 2982 3536 ignominiosam
3012 3471 3359 3540 voluptatem.

2048 3556 2102 3611 6.
2142 3557 2277 3622 Quid
2301 3557 2478 3628 igitur,
2507 3559 2549 3610 si
2585 3559 2899 3627 poterimus,
2930 3561 3020 3623 ait.
3053 3578 3268 3616 causam
3289 3565 3485 3630 justam
3516 3576 3571 3620 ct

1977 3646 2344 3702 rationabilem
2374 3647 2572 3714 dicere,
2601 3665 2727 3702 num
2757 3650 2948 3704 frustra
2984 3651 3097 3706 hmc
3140 3653 3372 3707 dixeris?
3399 3655 3569 3708 Maxi-

1978 3751 2064 3792 me
2110 3736 2323 3806 quidem
2372 3737 2569 3791 nul'am
2602 3738 2758 3792 talem
2798 3739 3008 3806 dicetis,
3068 3753 3426 3804 verumtamen
3473 3745 3572 3799 liae

1976 3831 2139 3880 etiam
2166 3828 2372 3883 ratione
2397 3829 2588 3884 vellem
2617 3829 2843 3896 discere,
2858 3848 2934 3886 'an
2957 3835 3040 3888 vel
3068 3836 3309 3890 umbram
3340 3838 3571 3907 aliquam

1971 3919 2099 3990 justi
2129 3930 2416 3989 prmtextus
2445 3921 2624 3976 dicere
2664 3924 2900 3991 possitis.
2947 3926 3237 3980 Defensorc
3276 3938 3442 3994 caret,
3475 3929 3568 3995 ait,

1978 4010 2146 4079 virgo,
2173 4026 2345 4080 neque
2370 4002 2541 4065 virum
2572 4012 2750 4080 habet,
2785 4031 2958 4081 neque
2992 4027 3242 4082 tutorem,
3272 4034 3412 4088 s:rpo
3442 4021 3566 4074 itum

1978 4117 2148 4171 neque
2179 4112 2404 4171 patrem,
2425 4119 2521 4158 nec
2550 4103 2797 4171 fratrem;
2823 4106 3023 4176 indiget
3045 4108 3241 4176 aliquo,
3267 4110 3352 4177 qui
3382 4110 3429 4164 ei
3455 4126 3569 4163 ma-

1977 4207 2101 4246 num
2135 4193 2389 4261 praabeat,
2437 4203 2491 4248 et
2533 4195 2783 4249 solitaria:
2813 4212 3102 4252 maerorem
3144 4201 3470 4266 consoletur,
3517 4211 3570 4256 et

1976 4281 2172 4352 ubique
2201 4297 2259 4336 se
2286 4299 2383 4352 pro
2408 4299 2470 4337 ea
2499 4295 2733 4354 opponat
2762 4286 3100 4351 adversariis,
3133 4299 3185 4342 t'l
3216 4290 3383 4357 ipSam
3409 4291 3459 4344 in
3488 4310 3574 4345 se-

1975 4374 2202 4427 curitate
2230 4383 2283 4428 et
2311 4384 2464 4443 portu
2492 4376 2802 4431 constituat.
2832 4379 3001 4442 Quam
3041 4390 3095 4433 tu
3144 4381 3267 4434 mihi
3312 4386 3574 4436 ευριπ-ηιμ.

1976 4473 2104 4527 tem,
2132 4480 2335 4534 qumso,
2369 4482 2521 4532 quem
2553 4476 2764 4534 portum
2797 4470 3017 4524 narras?
3053 4471 3242 4524 Portus
3269 4453 3410 4526 cnim
3445 4491 3572 4542 pro--

1979 4557 2327 4627 pugnaculum
2359 4558 2513 4612 video
2540 4574 2645 4612 non
2678 4576 2867 4614 arcens
2907 4562 3118 4622 fluctus.
3168 4565 3258 4618 sed
3308 4567 3569 4631 ext-Laus,

1975 4655 2027 4700 et
2051 4654 2259 4715 portum
2284 4662 2389 4700 non
2409 4649 2851 4716 eomprimentem
2877 4661 3239 4719 tempestates,
3266 4654 3356 4708 sed
3381 4672 3569 4724 graves

1975 4755 2092 4809 quas
2121 4757 2224 4794 non
2253 4741 2477 4795 aderant
2504 4751 2808 4796 moventem
2834 4745 3114 4811 procellas.
3149 4744 3261 4798 Non
3293 4748 3573 4802 confundi-

1975 4832 2122 4896 mini,
2157 4833 2262 4886 neri
2291 4833 2467 4886 vultus
2496 4841 2703 4888 vestros
2732 4834 3000 4904 obtegitis,
3044 4836 3170 4890 dum
3213 4837 3349 4892 hanc
3379 4840 3568 4895 defen-

1974 4922 2178 4976 sionem
2209 4921 2446 4977 aﬂ'ertisi?
2471 4922 2603 4977 Nam
2635 4924 2678 4978 si
2719 4941 2783 4978 ex
2827 4924 2930 4979 hoc
2960 4927 3257 4982 ministerio
3285 4947 3456 4999 neque
3482 4949 3572 4984 ar-

1973 5013 2197 5076 cusatio,
2223 5029 2395 5083 neque
2409 5014 2684 5078 damnum,
2713 5032 2884 5084 neque
2905 5018 3212 5072 scandalum
3239 5032 3569 5093 nasceretur,

1975 5103 2068 5157 sed
2097 5102 2237 5158 fama
2267 5103 2445 5160 adhuc
2473 5105 2621 5159 salva
2676 5107 2856 5161 liceret
2889 5109 3028 5162 istud
3062 5110 3231 5178 ipsum
3277 5113 3472 5179 facere,
3505 5133 3570 5170 an

1975 5208 2081 5247 non
2112 5195 2398 5248 admodum
2445 5197 2625 5250 miseri
2658 5198 2870 5262 essetis,
2905 5200 3014 5267 qui,
3062 5200 3186 5253 dum
3216 5202 3429 5260 divitias
3457 5207 3573 5273 ej'us

1973 5285 2178 5354 augetis
2205 5293 2258 5339 et
2287 5285 2350 5338 ad
2380 5287 2722 5352 pecuniarum
2761 5301 2998 5342 amorem
3032 5290 3171 5342 illam
3202 5293 3484 5359 exercetis,
3504 5297 3570 5348 in

1973 5374 2183 5442 negotia
2235 5375 2498 5444 conjicitis
2528 5385 2581 5429 et
2609 5375 2676 5429 ad
2723 5376 3024 5432 mundanas
3075 5395 3232 5433 curas
3283 5382 3564 5437 instituitis

1974 5478 2399 5529 meonemorum,
2429 5473 2734 5521 curatorum
2766 5477 2819 5521 et
2861 5467 3159 5522 forensium
3187 5470 3360 5524 officia
3387 5471 3566 5533 adire-

1975 5554 2076 5607 tis?
2106 5554 2220 5608 Non
2261 5557 2501 5623 poteritis
2532 5557 2697 5611 multa
2727 5557 2795 5612 de
2839 5569 3153 5628 paupertate
3183 5559 3469 5625 disserere,
3504 5579 3567 5616 ac

1971 5644 2293 5714 persuadere
2325 5658 2380 5699 ut
2411 5647 2686 5701 facultates
2708 5656 3137 5711 contemnantur.
3163 5652 3252 5719 qui
3281 5653 3455 5704 omnia
3480 5651 3563 5706 fa.

1972 5721 2112 5802 citis,
2147 5745 2202 5791 ut
2249 5736 2525 5803 facultates
2566 5749 2816 5794 maneant
2855 5747 2909 5795 et
2933 5753 3250 5812 augeantur,
3284 5751 3344 5796 ut
3379 5743 3570 5814 opibus
