4264 6312
756 334 861 391 503

754 465 883 518 opes
908 458 1237 514 accrescant,
1266 448 1533 503 institores
1569 448 1780 517 quidam
1807 457 1861 501 et
1885 448 2074 506 iterum
2115 444 2324 499 instito-

756 552 841 593 res
868 547 1082 607 propter
1107 538 1221 591 illas
1248 536 1390 601 facti,
1420 538 1628 591 tametsi
1657 535 1887 590 inutiles.
1917 534 2032 589 Non
2074 534 2215 588 enim
2242 534 2325 586 in-

753 643 925 696 genua
950 643 1071 697 spes
1091 636 1288 682 vestra.
1307 626 1438 681 Nam
1459 642 1579 682 cum
1599 628 1727 696 jussi
1755 626 1957 681 fueritis
1978 634 2186 695 portare
2206 640 2326 678 eru-

752 734 869 772 cem
896 727 949 773 et
977 718 1129 788 sequi
1154 718 1446 785 Christum,
1476 718 1679 787 abjecta
1724 732 1902 782 cruce,
1944 717 2091 786 quasi
2119 714 2325 771 effemi-

753 814 861 867 nati
908 813 1103 868 milites
1154 823 1306 868 scuto
1355 815 1613 883 projecto,
1659 812 1725 865 ad
1770 812 1943 864 colum
1980 820 2034 863 et
2061 808 2325 862 calathum

750 904 1057 969 considetis,
1091 919 1187 973 per
1227 905 1381 958 aliam
1410 904 1698 972 turpiorem
1728 901 2031 956 methodum
2063 908 2249 968 aperta
2273 898 2323 952 in

751 1002 1068 1062 prasscntem
1112 997 1272 1048 vitam
1299 994 1482 1062 janua.
1514 994 1629 1047 Non
1652 994 1789 1046 enim
1822 1001 1926 1044 tam
1958 999 2105 1057 turpe
2126 995 2208 1042 est
2232 1003 2325 1041 eos

748 1084 838 1153 qui
870 1084 919 1137 in
948 1085 1285 1137 matrimonio
1312 1093 1434 1138 sunt
1463 1083 1578 1138 haec
1606 1082 1999 1145 administrare,
2030 1094 2186 1148 quam
2230 1091 2324 1130 ros

748 1175 837 1243 qui
864 1175 1122 1229 simulatis
1149 1190 1246 1229 vos
1276 1176 1527 1229 resiliisse
1551 1188 1579 1227 a
1615 1172 1947 1242 prresentinm
1978 1186 2156 1225 rerum
2182 1169 2324 1223 euris

746 1266 847 1319 sub
871 1264 1091 1319 alterius
1112 1280 1340 1333 persona
1363 1266 1556 1318 iterum
1577 1262 1787 1317 easdem
1810 1261 2003 1315 subire.
2037 1260 2321 1327 Propterea

747 1356 1059 1410 helluonum
1086 1366 1140 1410 et
1164 1356 1493 1410 adulatorum
1521 1366 1577 1408 et
1606 1355 1953 1424 parasitorum
1994 1361 2049 1406 et
2089 1350 2325 1405 mulieri-

747 1448 845 1501 bus
888 1448 1229 1501 servientium
1261 1448 1453 1516 ubique
1497 1448 1687 1502 famam
1722 1444 2054 1513 suscipimus,
2080 1441 2322 1511 quando-

748 1537 959 1605 quidem
982 1540 1241 1607 abjectam
1264 1554 1473 1592 omnem
1496 1537 1900 1607 generositatem
1923 1535 2074 1589 nobis
2090 1548 2320 1603 superne

744 1628 922 1681 datam
952 1643 1071 1681 cum
1116 1629 1405 1682 servilitate
1452 1636 1506 1681 et
1553 1628 1751 1680 vilitate
1781 1634 1989 1679 terrena
2020 1633 2318 1678 commuta-

748 1738 884 1775 mus.
920 1722 987 1776 Et
1006 1722 1281 1776 viduarum
1309 1722 1519 1791 quidem
1550 1720 1859 1789 dispensare
1884 1734 2012 1788 opes
2038 1717 2322 1772 noluerunt

745 1815 985 1882 generosi
1014 1814 1138 1867 olim
1169 1814 1244 1867 illi
1274 1813 1392 1876 viri,
1426 1828 1545 1867 cum
1587 1821 1731 1866 tanta
1780 1811 1903 1866 inde
1943 1811 2174 1864 oriretur
2202 1809 2319 1862 bla-

744 1904 983 1973 sphemia
1012 1905 1150 1974 quod
1179 1905 1353 1959 nullus
1374 1914 1517 1959 esset
1542 1906 1629 1973 qui
1657 1902 2069 1967 administraret,
2092 1899 2186 1955 sed
2206 1899 2320 1954 exi-

743 1996 1021 2048 stimantes
1058 1995 1157 2048 hoc
1189 1994 1407 2049 inferius
1436 2008 1553 2047 esse
1576 2008 1668 2046 sua
1700 1990 2053 2060 philosophia,
2082 1990 2198 2043 aliis
2226 1988 2319 2044 de-

743 2083 1078 2138 mandarunt.
1107 2083 1214 2137 Nos
1240 2092 1413 2137 autem
1442 2099 1545 2136 non
1574 2082 1937 2136 erubescimus
1962 2079 2169 2133 divitias
2190 2079 2319 2133 alie-

743 2188 839 2227 nas
859 2188 1054 2243 augere
1079 2189 1200 2227 cum
1218 2173 1412 2227 damno
1439 2171 1843 2241 possidentium,
1873 2170 2038 2224 nihilo
2063 2169 2314 2223 meliores

742 2261 999 2316 eunuchis
1028 2262 1079 2315 in
1122 2261 1223 2315 hoc
1263 2261 1552 2330 occupatis,
1584 2260 1774 2329 quibus
1813 2258 2117 2312 mandatum
2149 2266 2230 2310 est
2259 2265 2318 2310 ut

741 2353 975 2422 quotidie
996 2352 1305 2421 sanguinem
1334 2361 1386 2406 et
1409 2350 1638 2405 animam
1664 2350 1715 2403 in
1743 2349 1987 2403 manibus
2010 2350 2239 2401 feramus
2262 2349 2313 2401 in

741 2445 908 2499 vicem
930 2459 1218 2497 armorum.
1250 2443 1385 2510 Quid
1412 2442 1603 2511 igitur?
1623 2442 1960 2512 oportebitne
1988 2441 2167 2493 omnia
2196 2454 2315 2508 quze

740 2533 929 2603 virgini
972 2534 1249 2601 rapiuntur
1276 2542 1640 2594 contemnere,
1683 2530 1808 2584 dum
1854 2530 2109 2583 tolluntur
2132 2540 2185 2582 et
2212 2529 2316 2582 cir-

740 2624 1102 2678 cumferuntur
1130 2639 1158 2677 a
1187 2624 1447 2692 cognatis,
1491 2639 1520 2676 a
1566 2621 1933 2685 familiaribus,
1966 2629 2019 2674 et
2048 2620 2234 2675 alienis
2263 2628 2316 2673 et

740 2704 1083 2769 domesticis?
1110 2714 1349 2783 profecto
1388 2712 1663 2783 pulchram
1705 2711 1988 2765 reddemus
2014 2710 2202 2779 virgini
2231 2725 2315 2764 re-

738 2805 1101 2867 tributionem,
1132 2803 1273 2873 quod
1304 2818 1474 2871 neque
1508 2801 1770 2871 nupserit,
1796 2816 1967 2870 neque
1994 2808 2309 2868 praesentem

738 2895 991 2947 mundutn
1022 2894 1285 2958 dilexerit,
1316 2893 1409 2947 sed
1443 2908 1539 2962 pro
1562 2892 1808 2946 omnibus
1846 2891 2110 2946 Christum
2134 2891 2313 2958 elege-

737 2986 826 3051 rit,
849 2986 1082 3039 sinentes
1109 2986 1249 3038 illam
1276 2985 1571 3052 expositam
1595 2983 1679 3045 iis,
1710 2982 1796 3051 qui
1824 2996 1945 3035 eam
1976 2979 2313 3034 facultatibus

736 3078 847 3132 suis
873 3077 1100 3145 privant.
1126 3075 1193 3128 Et
1213 3084 1410 3144 quanto
1438 3074 1603 3127 satius
1643 3073 1743 3141 ipsi
1765 3080 1878 3125 erat
1904 3070 2125 3135 nubere,
2155 3080 2206 3124 et
2234 3070 2310 3123 uti

734 3166 1121 3229 cantubernali,
1172 3165 1254 3217 cui
1301 3165 1630 3217 incumberet
1671 3162 1855 3215 harum
1886 3176 2060 3214 rerum
2092 3160 2316 3213 admini-

733 3260 1128 3326 stratio,quam
1180 3257 1222 3308 si
1278 3257 1495 3324 innupta
1545 3268 1765 3307 manens
1810 3251 2013 3305 fmdera
2043 3267 2163 3305 cum
2210 3252 2316 3305 Deo

732 3355 857 3405 inita
889 3348 1185 3408 conculcet,
1214 3356 1266 3398 et
1298 3346 1543 3414 injuriam
1572 3343 1728 3396 faciat
1757 3342 1832 3396 rei
1860 3350 1962 3395 tam
1992 3341 2231 3395 honestae
2253 3356 2315 3395 ac

731 3442 1054 3505 reverendae,
1087 3448 1139 3495 ct
1166 3438 1302 3493 alios
1330 3450 1537 3504 quoque
1565 3433 1628 3486 ad
1658 3432 1923 3501 naufragia
1950 3447 2165 3485 suorum
2198 3448 2311 3483 ma-

732 3533 901 3584 lorum
934 3530 1141 3584 trahat?
1169 3530 1284 3596 Quo
1311 3536 1466 3597 pacto
1507 3532 1684 3581 autem
1718 3524 1853 3575 hanc
1882 3523 2127 3575 omnibus
2156 3522 2313 3575 Chri-

730 3634 867 3675 stum
896 3622 1190 3691 put-tulisse
1220 3620 1384 3683 dices,
1412 3634 1532 3672 cum
1562 3618 1806 3672 Christus
1827 3613 2021 3671 clamet
2050 3627 2111 3670 ac
2134 3611 2273 3671 dicat
2297 3629 2310 3670 :

730 3713 853 3766 Non
880 3713 1083 3781 potestis
1111 3711 1293 3763 servire
1326 3711 1429 3761 Deo
1450 3719 1495 3762 et
1523 3724 1823 3761 mammona:
1858 3707 2069 3777 (Matth.
2098 3707 2149 3760 ϐ.
2181 3705 2315 3777 24)?

728 3807 843 3873 Quo
872 3815 1022 3874 pacto
1064 3805 1187 3857 item
1234 3801 1487 3854 mundum
1530 3809 1584 3853 et
1626 3796 1907 3869 praesentia
1954 3799 2077 3852 odio
2118 3799 2314 3854 habere

728 3898 949 3967 poteris,
981 3896 1067 3965 qui
1098 3893 1557 3962 concupiscentias
1587 3890 1746 3959 hujus
1776 3891 1957 3944 mundi
1989 3906 2093 3943 non
2133 3905 2314 3958 asper-

728 3987 932 4040 nandas
958 3985 1182 4039 suades?
1212 3983 1490 4050 Quomodo
1515 3992 1690 4035 autem
1721 3996 1837 4035 eam
1866 3996 1985 4049 qua:
2019 3982 2185 4033 virum
2217 3980 2315 4033 ha-

729 4080 817 4132 bet
840 4077 1037 4130 ltortari
1068 4085 1236 4143 potes,
1263 4082 1321 4127 ut
1348 4082 1656 4127 contemnat
1685 4085 1835 4139 Opes,
1864 4087 1984 4125 cum
2031 4080 2083 4123 tu
2126 4069 2312 4138 virgini

728 4168 939 4221 divitias
965 4164 1281 4233 conquiras?
1312 4165 1373 4217 Et
1392 4164 1526 4215 hanc
1552 4162 1717 4231 ipsam
1744 4161 2010 4230 quomodo
2041 4162 2314 4228 permittes

728 4261 941 4314 assidue
986 4269 1040 4313 et
1080 4266 1385 4312 constanter
1429 4256 1634 4309 haerere
1668 4256 1906 4317 Domino,
1937 4270 2055 4307 cum
2100 4269 2312 4307 omnem

728 4355 890 4405 vitam
918 4360 971 4405 et
1008 4365 1166 4404 omne
1198 4348 1429 4402 studium
1481 4349 1531 4399 in
1584 4346 1697 4415 ejus
1740 4346 1969 4413 negotiis
2005 4344 2315 4413 expendas?

729 4442 1006 4510 Quomodo
1050 4441 1243 4511 poterit
1283 4441 1430 4509 virgo
1476 4438 1860 4508 philosophari,
1912 4454 2042 4491 cum
2064 4447 2113 4492 te
2144 4438 2312 4491 virum

731 4526 907 4588 videat
935 4533 1149 4601 indigne
1178 4530 1317 4585 ferre
1346 4532 1387 4585 si
1416 4531 1529 4599 ejus
1555 4531 1789 4598 pecunia:
1813 4529 2165 4598 diripiantur?
2186 4545 2317 4598 quo-

732 4626 891 4680 modo
924 4627 1114 4694 poterit
1140 4624 1393 4677 damnum
1413 4624 1741 4690 contemptui
1764 4621 1976 4683 habere,
2002 4636 2123 4674 cum
2156 4630 2203 4674 te
2234 4621 2315 4673 vi-

732 4719 854 4772 deat
884 4717 1057 4770 omnia
1094 4714 1373 4769 facientem
1418 4725 1469 4767 et
1507 4713 1790 4781 patientem
1819 4720 1876 4764 ut
1901 4712 2041 4765 illius
2069 4726 2199 4778 opes
2226 4726 2315 4764 ae-

734 4807 1005 4861 cumulcs?
1034 4806 1146 4859 Non
1177 4807 1253 4859 sic
1297 4821 1394 4859 nos
1436 4805 1573 4857 Deus
1604 4818 1631 4855 a
1664 4804 1886 4871 negotiis
1933 4803 2147 4857 liberari
2179 4804 2312 4869 vult,

735 4900 828 4955 sed
861 4908 1205 4952 contemnere
1248 4896 1545 4961 facultates,
1572 4905 1625 4947 et
1651 4894 1895 4947 omnibus
1922 4910 2039 4962 qua:
2069 4894 2135 4947 ad
2182 4893 2319 4948 hanc

734 4994 896 5046 vitam
927 4990 1193 5058 pertinent
1216 4989 1541 5043 renuntiare.
1572 4989 1641 5038 At
1669 5000 1769 5037 non
1801 4986 1973 5038 sinitis
1995 5000 2109 5048 vos,
2143 5000 2318 5053 neque

735 5083 1026 5141 conceditis
1069 5082 1241 5151 legem
1286 5080 1378 5133 Dei
1419 5080 1621 5133 valere.
1659 5076 1794 5143 Quid
1837 5073 2060 5146 ergo,'si
2091 5076 2316 5130 aliorum

737 5195 869 5246 opus
897 5176 1090 5229 habeat
1110 5173 1417 5242 patrocinio,
1441 5171 1629 5239 inquit,
1655 5178 1707 5223 et
1731 5169 1891 5222 multa
1923 5168 2055 5223 ferat
2081 5170 2317 5238 indigna?

740 5286 803 5321 an
835 5284 938 5321 non
967 5266 1179 5335 indigna
1202 5274 1323 5317 sunt
1351 5264 1463 5316 lure
1485 5261 1718 5329 virgine?
1747 5261 1856 5313 lmo
1886 5260 2014 5314 nihil
2045 5271 2149 5315 tam
2178 5262 2317 5315 indi-

739 5374 899 5427 gnum
930 5358 1235 5425 virgitte,.ut
1267 5356 1423 5409 ditari
1466 5364 1519 5408 et
1559 5352 1890 5423 negotiorum
1939 5353 2091 5407 turba
2142 5354 2316 5407 obrui.

744 5447 879 5515 Quid
900 5456 1097 5512 autem,
1128 5448 1170 5500 si
1200 5456 1252 5501 et
1278 5448 1375 5499 alia
1402 5460 1522 5499 eum
1552 5444 1635 5497 his
1658 5443 1857 5511 jubeat,
1884 5442 2054 5511 qualia
2082 5452 2204 5495 sunt
2226 5442 2321 5496 fm-

747 5538 919 5592 nerari
947 5553 1157 5598 aurum,
1190 5536 1379 5590 deinde
1411 5534 1561 5589 nobis
1590 5534 1791 5587 vocatis
1816 5534 1881 5585 ad
1920 5533 2237 5586 commercia
2268 5532 2321 5586 id

748 5642 850 5681 non
877 5629 1222 5696 persuaserit,
1246 5636 1299 5679 et
1325 5640 1441 5679 cum
1474 5641 1576 5679 non
1608 5626 1952 5695 persuaserit,
1984 5625 2114 5677 alios
2141 5624 2315 5689 adeat,

747 5734 909 5776 nosne
933 5718 985 5774 in
1019 5732 1177 5775 causa
1204 5719 1437 5776 erimus?
1463 5718 1599 5786 Quid
1634 5727 1829 5785 autem,
1861 5718 1904 5773 si
1937 5718 2319 5787 negotiationes

1494 332 1550 387 S.
1594 330 1871 388 JOANNIS
1906 326 2382 387 CllllYSOSTOHI
2420 326 2738 383 ARCHIEP.
2772 328 3309 389 CONSTANTINOP.

3912 343 4020 397 50$

2434 444 2636 512 aliquas
2662 444 2793 500 alias
2823 448 3106 503 illiberales
3130 459 3185 504 et
3212 451 3433 505 serviles
3458 452 3699 519 instruat,
3728 454 3927 512 deinde
3948 461 4018 521 si,

2429 546 2551 586 cum
2581 548 2679 588 nos
2715 538 2991 605 cooperari
3021 538 3365 602 uoluerimus,
3398 540 3513 595 aliis
3538 543 3854 613 quibusdam
3885 561 4017 615 opus

2433 622 2647 690 habeat,
2678 626 2891 696 dignine
2920 628 3121 683 erimus
3148 631 3238 699 qui
3266 631 3681 702 redarguamur?
3702 634 3864 703 Nullo
3898 648 4017 689 mo-

2432 716 2523 780 do,
2555 717 2683 784 quin
2718 719 2891 784 potius
2918 719 3061 789 digiti
3090 710 3197 790 qui'
3227 722 3540 778 laudemur:
3564 741 3685 779 nam
3712 736 3898 781 contra
3927 726 4013 782 vi-

2434 807 2642 879 tuperio
2661 808 2803 875 digni
2825 824 3086 874 essemus,
3106 812 3148 865 si
3174 823 3383 867 mutuas
3401 815 3507 869 illis
3523 799 3713 885 cperas
3733 818 4012 873 daremus.

2433 894 2522 948 Vis
2548 912 2653 951 non
2676 898 2876 953 auferri
2902 917 3072 969 neque
3098 902 3253 971 diripi
3279 920 3408 972 opes
3434 905 3614 961 illius?
3638 908 3865 964 admone
3890 924 4015 965 eam

2428 994 2487 1038 ut
2510 986 2758 1056 deponat,
2789 991 2876 1043 ubi
2904 1008 3073 1060 neque
3096 995 3207 1047 viro
3231 1010 3361 1063 opus
3390 998 3579 1052 habeat
3598 998 3663 1052 ad
3684 1001 4008 1067 custodiam,

2428 1085 2483 1129 et
2514 1087 2767 1145 perpetuo
2810 1081 3027 1149 integra:
3057 1095 3333 1149 maneant;
3379 1086 3423 1140 si
3452 1097 3629 1142 autem
3659 1089 3889 1144 voluerit
3917 1106 4016 1146 ne-

2426 1167 2563 1233 gotia
2594 1169 2807 1234 habere,
2831 1187 2994 1239 quare
3016 1174 3145 1227 ludit
3166 1176 3218 1228 in
3242 1191 3345 1230 non
3374 1178 3623 1233 ludicris?
3642 1179 3773 1235 Nam
3798 1183 3842 1236 si
3860 1183 4013 1251 virgo

2428 1255 2542 1310 hcce
2570 1268 2713 1327 agat,
2755 1260 2888 1315 ludit
2927 1263 3108 1317 ludum
3138 1280 3243 1319 non
3263 1266 3579 1335 jucundum,
3623 1272 3718 1325 sed
3766 1272 4013 1327 mortife-

2427 1361 2567 1400 rum.
2614 1348 2837 1415 Quando
2882 1352 3022 1406 enim
3066 1354 3349 1410 obnoxiam
3398 1358 3478 1411 his
3525 1360 3904 1414 certaminibus
3949 1376 4013 1415 se

2425 1441 2715 1502 constituit,
2746 1452 2801 1495 et
2828 1442 3005 1497 omnia
3037 1445 3245 1515 indigna
3292 1461 3383 1500 sua
3426 1448 3805 1516 pollicitatione
3849 1450 4001 1515 facit,

2424 1528 2596 1596 major
2624 1546 2793 1598 ponus
2831 1534 3042 1601 gravior
3068 1545 3148 1589 est
3170 1546 3348 1603 parata
3374 1538 3625 1592 vindicta.
3652 1539 3785 1593 Num
3811 1540 4014 1594 audisti

2424 1623 2633 1689 qualem
2678 1625 2775 1693 ipsi
2818 1626 2988 1695 legem
3032 1628 3207 1697 posuit
3250 1628 3467 1697 Paulus,
3498 1631 3607 1685 imo
3642 1629 3890 1687 Christus
3915 1634 4013 1702 qui

2424 1724 2521 1778 per
2546 1711 2692 1766 illum
2718 1714 2966 1782 loquutus
2996 1725 3099 1781 est,
3125 1716 3267 1786 quod
3295 1716 3462 1773 divisa
3489 1730 3571 1774 est
3596 1720 3788 1774 mulier
3812 1730 3867 1774 et
3894 1722 4009 1774 vir--

2423 1799 2525 1867 go?
2550 1799 2618 1853 Et
2646 1818 2757 1871 qua:
2780 1805 2993 1873 innupta
3015 1815 3090 1859 est
3114 1809 3298 1877 cogitat
3323 1824 3436 1878 qua:
3459 1818 3578 1862 sunt
3606 1808 3834 1875 Domini,
3863 1820 3916 1863 ut
3942 1812 4012 1864 sit

2422 1899 2598 1941 sancta
2627 1900 2671 1943 et
2696 1907 2906 1962 corpore
2924 1904 2970 1947 et
2989 1896 3172 1963 spiritu
3202 1897 3249 1967 (Ι
3265 1936 3278 1949 .
3300 1896 3417 1951 Cor.
3441 1898 3494 1953 7.
3513 1898 3641 1969 56)?
3656 1899 3763 1955 Sed
3784 1916 3880 1956 vos
3898 1917 4013 1957 non

2423 1976 2618 2044 sinitis,
2650 1988 2703 2033 et
2730 1982 2906 2034 omnia
2930 1998 3115 2037 earum
3142 1985 3404 2040 desideria
3430 1990 3792 2045 auscultantes
3833 1992 4011 2060 magis

2420 2080 2580 2134 quam
2599 2070 2837 2138 emptitia
2856 2073 3112 2141 mancipia
3140 2076 3389 2145 morigeri
3411 2078 3557 2131 estis.
3588 2077 3660 2131 lta
3685 2088 3786 2144 est,
3812 2079 4016 2149 inquit.

2421 2158 2558 2225 Quid
2582 2161 2758 2229 igitur,
2788 2164 2833 2216 si
2859 2173 3099 2219 extrema
3132 2166 3305 2235 inopia
3330 2168 3722 2224 laboret?Nam
3746 2170 3814 2226 de
3833 2171 4007 2226 abun-

2420 2248 2667 2329 dantibus
2712 2252 2825 2305 hzec
2866 2253 3003 2307 bene
3046 2269 3077 2309 a
3126 2264 3178 2309 te
3225 2258 3364 2310 dicta
3395 2267 3517 2312 sunt
3551 2277 3565 2313 :
3598 2275 3715 2329 qua:
3744 2269 3922 2314 autem
3953 2262 4005 2316 in

2420 2339 2761 2396 mendicitate
2786 2350 2838 2396 et
2862 2344 3037 2411 inopia
3058 2346 3222 2399 multa
3244 2348 3500 2417 neglectae
3519 2348 3719 2418 jacent,
3746 2350 3875 2419 quid
3902 2352 4008 2405 cri-

2420 2429 2579 2483 minis
2628 2442 2707 2484 est
2749 2434 2795 2486 si
2840 2434 3147 2503 erigantur?
3176 2435 3389 2492 Utinam
3442 2455 3545 2492 non
3577 2439 3908 2507 dejccissetis
3952 2451 4010 2496 et

2420 2518 2764 2587 depulissetis
2792 2539 2882 2578 eas
2907 2524 2957 2578 in
2984 2526 3297 2593 perditionis
3320 2530 3589 2593 barathra,
3619 2542 3673 2585 et
3700 2531 3749 2585 id
3771 2533 4009 2600 Optabile

2419 2620 2582 2665 esset.
2601 2613 2887 2669 Enimvero
2908 2616 2951 2669 si
2982 2616 3083 2671 hoc
3106 2618 3234 2672 facis
3250 2622 3552 2690 obsequens
3581 2621 3697 2690 ejus
3725 2622 4008 2687 mandato,

2418 2704 2506 2770 qui
2532 2704 2688 2770 jussit
2719 2708 3038 2775 pauperibus
3061 2709 3302 2766 subsidio
3325 2726 3464 2776 esse,
3491 2712 3655 2767 babes
3674 2714 3868 2768 multos
3889 2713 4005 2768 fra-

2421 2802 2563 2858 tres;
2613 2796 2683 2849 ibi
2712 2797 2909 2851 bonum
2939 2799 3039 2852 hoc
3066 2814 3200 2868 opus
3228 2802 3443 2868 exhibe,
3491 2803 3581 2857 ubi
3633 2804 3764 2858 nihil
3807 2806 4008 2860 subibit

2418 2882 2741 2938 offendiculo
2768 2886 3034 2954 futurum;
3079 2899 3135 2942 at
3166 2892 3250 2945 hic
3278 2892 3618 2964 eleemosyna
3659 2896 3807 2948 omni
3850 2895 4007 2952 inhu-

2419 2976 2674 3031 manitate
2698 2986 2753 3031 et
2779 2980 3093 3037 crudelitate
3132 2983 3369 3039 deterior
3394 2994 3498 3039 est.
3529 2986 3657 3052 Qua:
3684 2987 3827 3047 enim
3861 2993 4008 3046 utili-

2421 3073 2519 3132 tas,
2547 3066 2676 3120 dum
2710 3078 2763 3122 tu
2793 3070 3007 3137 quidem
3044 3087 3243 3141 corpus
3287 3075 3409 3141 alis,
3451 3076 3682 3134 animam
3710 3092 3888 3135 autem
3916 3082 4011 3137 de-

2420 3157 2645 3225 primis?
2670 3159 2879 3227 quando
2899 3164 3103 3216 vestem
3127 3163 3245 3227 das,
3273 3165 3630 3233 suspicionem
3655 3182 3832 3226 autent
3854 3172 4013 3226 nudi-

2421 3258 2528 3304 tate
2560 3252 2848 3319 turpiorem
2881 3252 3046 3308 facis?
3072 3256 3284 3323 quande
3313 3262 3509 3330 prodes
3540 3263 3591 3317 in
3621 3264 3685 3317 iis
3715 3280 3836 3334 qua:
3878 3273 4010 3319 sunt

2420 3340 2683 3411 corporis,
2714 3342 2891 3395 omnia
2921 3353 3100 3403 autem
3144 3350 3438 3419 spiritualia
3467 3351 3768 3422 disperdis?
3793 3353 4015 3422 quando

2420 3430 2468 3483 ei
2502 3445 2813 3498 prosperam
2842 3451 2955 3493 rem
2982 3438 3114 3493 facis
3145 3442 3387 3509 interra,
3415 3442 3565 3511 ejicis
3595 3443 4014 3499 autemeczelis?

2419 3521 2604 3587 Qualis
2634 3537 2811 3582 autem
2842 3530 2957 3584 haec
2982 3530 3344 3602 eleemosyna,
3365 3532 3577 3602 quando
3606 3534 3776 3604 gloria
3800 3535 4013 3590 Domini

2422 3620 2754 3688 contemptui
2781 3629 2884 3685 est,
2917 3621 3129 3691 quando
3156 3625 3327 3692 palam
3348 3627 3771 3695 suntOpprobria
3799 3637 3852 3681 et
3879 3643 4013 3683 con-

2421 3706 2560 3763 fusio
2588 3718 2642 3763 et
2668 3712 2905 3765 convicia
2934 3721 2987 3766 et
3012 3722 3327 3779 scommata,
3379 3724 3432 3768 et
3461 3714 3580 3784 ejus
3604 3717 3755 3785 cujus
3782 3717 4017 3773 misere-

2421 3800 2517 3865 ris,
2544 3808 2599 3854 et
2639 3801 2866 3855 aliorum
2898 3803 3187 3857 nmltorum
3215 3804 3303 3874 qui
3334 3805 3796 3860 scandalizantur?
3835 3807 3951 3862 Non
3984 3824 4014 3863 a

2420 3893 2810 3959 misericordia,
2836 3894 2929 3950 sed
2958 3895 3026 3949 ab
3058 3896 3340 3950 inhumana
3372 3907 3426 3952 et
3450 3898 3651 3953 crudeli
3693 3900 3868 3953 anima
3898 3900 4015 3954 hinc

2421 3984 2855 4053 proficiscuntur.
2886 3985 3017 4041 Nam
3049 3988 3093 4041 si
3117 4004 3182 4042 ex
3211 3989 3573 4043 misericordia
3596 3999 3650 4045 et
3680 3991 4015 4048 humanitate

2423 4083 2623 4140 essent,
2650 4078 2762 4128 hare
2784 4076 2924 4129 circa
2955 4078 3097 4131 viros
3119 4094 3331 4147 quoque
3353 4079 3612 4134 exhibere
3636 4082 3939 4148 Oportebat.

2494 4166 2545 4218 7.
2579 4166 2646 4218 At
2676 4165 2947 4233 mulieres,
2980 4168 3173 4237 inquis,
3204 4170 3408 4239 majore
3436 4185 3568 4239 opus
3599 4171 3795 4225 habent
3827 4181 4009 4240 patro-

2422 4256 2597 4333 cinio‘,
2642 4258 2740 4310 viri
2771 4267 2948 4315 autem
2978 4274 3007 4312 a
3050 4270 3234 4315 natura
3265 4262 3427 4315 multa
3460 4262 3657 4317 habent
3688 4262 4014 4331 adjumcnta.

2423 4347 2560 4414 Quin
2591 4357 2643 4401 et
2673 4348 2722 4400 in
2756 4348 2883 4402 viris
2912 4350 3065 4402 multi
3109 4360 3233 4404 sunt
3272 4353 3585 4406 mulieribus
3612 4352 3938 4408 infirmiores
3965 4365 4021 4409 et

2425 4440 2493 4492 ob
2519 4440 2774 4509 grandem
2806 4451 3075 4495 senectam
3094 4483 3107 4508 ,
3137 4452 3190 4497 et
3218 4444 3285 4497 ob
3315 4444 3694 4510 valetudinem,
3723 4455 3777 4498 et
3803 4445 3872 4499 ob
3898 4462 4014 4498 mu-

2426 4532 2716 4586 tilationcm
2752 4534 3013 4603 corporis,
3044 4544 3098 4588 et
3127 4535 3195 4589 ob
3224 4536 3437 4590 morbos
3464 4551 3671 4607 graves,
3699 4537 3939 4607 aliasque
3967 4539 4014 4591 id

2424 4639 2593 4693 genus
2620 4640 2808 4678 causas
2833 4643 2846 4678 :
2870 4635 3237 4681 verumtamen
3284 4630 3403 4696 quia
3444 4628 3673 4682 maxime
3702 4627 3852 4682 vobis
3874 4644 4017 4683 cura:

2426 4726 2506 4769 est
2534 4716 2811 4770 mulierum
2843 4732 3030 4785 genus,
3056 4726 3237 4786 utpote
3264 4718 3545 4782 infirmius,
3578 4728 3632 4772 et
3660 4717 3724 4771 ad
3747 4732 3839 4773 eas
3865 4718 4017 4774 valde

2426 4806 2801 4861 misericordes
2852 4816 2907 4862 et
2951 4809 3338 4877 eompatientes
3386 4810 3545 4875 estis,
3599 4825 3770 4879 neque
3817 4810 3917 4865 hac
3962 4811 4017 4865 in

2426 4907 2578 4969 parte
2606 4898 2888 4952 occasione
2926 4898 3310 4962 destituemur,
3366 4898 3457 4951 sed
3498 4899 3841 4954 ostendemus
3868 4900 4017 4956 vob.s

2430 5002 2742 5059 argumenta
2776 4991 2825 5044 in
2856 4991 3046 5061 quibus
3092 4990 3219 5043 nihil
3259 4990 3501 5059 vituperii
3543 5001 3596 5044 et
3638 4991 3900 5047 mercedis
3937 5000 4020 5047 cst

2428 5084 2741 5153 plurimum.
2796 5084 2932 5138 Sunt
2973 5083 3115 5137 enim
3167 5093 3217 5137 et
3272 5083 3525 5137 mulieres
3576 5083 3817 5152 quaedam
3869 5085 4019 5139 senio

2429 5173 2706 5239 confecta},
2754 5175 2838 5228 vel
2888 5174 3107 5228 resectis
3151 5175 3417 5237 manibus,
3473 5174 3557 5227 vel
3606 5186 3773 5244 capta:
3812 5175 4019 5239 oculis,

2428 5266 2692 5335 variisque
2721 5266 2839 5319 aliis
2878 5265 3074 5319 morbis
3119 5264 3383 5329 invalidae,
3413 5273 3467 5318 et
3491 5264 3791 5318 difﬁciliore
3817 5264 4022 5318 morbis

2431 5366 2761 5426 paupertate.
2787 5355 3055 5424 Siquidem
3081 5354 3279 5422 inopia,
3307 5370 3427 5409 cum
3458 5368 3674 5423 prorsus
3698 5353 3826 5408 nihil
3860 5354 4023 5410 habe-

2430 5455 2545 5510 tur,
2592 5446 2833 5512 corporis
2864 5446 3083 5499 morbos
3112 5446 3267 5498 affert
3320 5463 3333 5498 :
3387 5444 3498 5513 ipsa
3530 5454 3706 5498 autem
3738 5454 4023 5513 paupertas

2431 5536 2477 5592 ai
2509 5537 2707 5591 morbis
2755 5551 2965 5605 quoque
3009 5537 3220 5606 gravior
3275 5538 3331 5590 fit
3368 5548 3421 5591 et
3467 5536 3873 5590 intolerabilior.
3920 5537 4026 5591 llas

2433 5630 2679 5697 perquire
2704 5638 2759 5681 et
2785 5628 2975 5697 collige
2996 5669 3010 5692 ,
3041 5628 3149 5681 imo
3178 5629 3229 5681 in
3258 5628 3572 5699 colligendis
3592 5629 3738 5684 nullo
3763 5642 3899 5698 opus
3927 5638 4027 5683 erit

2434 5718 2741 5773 laborezita
2772 5726 2894 5774 ante
2933 5734 3123 5774 omnes
3153 5718 3374 5790 jacent,
3420 5729 3618 5791 parata:
3658 5719 3907 5775 omnibus
3938 5716 4024 5787 qui
