4264 6312
740 327 844 384 505

735 443 900 497 πόνου
935 459 1019 498 σοι
1060 443 1142 497 δεῖ
1179 443 1313 515 πρὸς
1340 446 1440 517 τὴν
1476 448 1772 521 συλλογήν·
1807 450 1949 504 οὕτω
1991 454 2304 524 πρόκεινται

731 528 898 580 πᾶσιν
931 527 1137 599 ἕτοιμοι
1183 531 1297 592 τοῖς
1345 530 1688 602 βουλομένοις
1727 534 1912 605 ὀρέξαι
1962 540 2141 610 χεῖρα.
2190 538 2309 591 Κᾶν

733 614 997 693 ἐρήματαί
1021 612 1168 685 ἔχῃς,
1219 615 1300 677 εἰς
1329 614 1531 679 ταύτας
1568 617 1879 688 δαπάνησον
1900 636 1914 651 ’
1944 620 2057 674 κᾶν·
2093 621 2309 693 ἰσχυρὸς

728 690 817 767 ᾗς,
848 692 1085 747 ἐνταῦθα
1125 694 1222 765 τὴν
1274 697 1384 749 ἀπὸ
1412 698 1505 750 τοῦ
1556 698 1810 770 σώματος
1851 690 2312 773 ὑπηρεσίανίείσ-

730 778 922 845 ἐνεγκε
944 791 957 807 ’
995 776 1167 838 πολλὰ
1191 780 1284 831 καὶ
1314 779 1549 834 ἐνταῦθα
1578 784 1879 854 πράγματα
1903 785 2045 854 ὄψει.
2082 787 2174 839 καὶ
2200 803 2307 840 σω-

731 857 969 929 ματικῆς
999 859 1229 930 δεόμενα
1264 861 1566 933 ὑπηρεσίας
1599 866 1693 918 καὶ
1727 867 2024 936 χρημάτων
2064 867 2309 938 δαπάνης

726 941 822 994 καὶ
857 942 1219 1014 περιδρομῆς.
1255 945 1363 997 Καὶ
1392 945 1501 1017 γὰρ
1527 949 1803 1019 οἰκήματα
1837 950 2058 1023 πορίσαι
2085 951 2307 1016 ταύταις

726 1023 910 1094 ἔργον,
945 1026 1036 1079 καὶ
1078 1026 1347 1097 φάρμακα
1376 1031 1782 1085 κατασκευάσαι
1801 1044 1828 1099 ,⁸
1858 1035 1954 1086 καὶ
1999 1035 2185 1105 κλίνην
2212 1036 2306 1090 καὶ

727 1109 921 1176 ἱμάτια
953 1109 1258 1181 πρίασθαι,
1308 1113 1403 1165 καὶ
1445 1114 1652 1186 τροφὰς
1692 1117 2058 1187 ἐπιτηδείους,
2104 1119 2194 1172 καὶ
2236 1118 2307 1171 τὰ

724 1192 860 1247 ἄλλα
891 1193 1111 1248 ἅπαντα
1149 1195 1531 1265 ἐπιμελεῖσθαι
1553 1240 1568 1262 ,
1606 1198 1710 1253 κᾶν
1752 1198 1883 1252 δέκα
1910 1193 2011 1254 ὧσι
2060 1201 2217 1272 μόνον
2249 1203 2306 1255 αἱ

724 1276 793 1329 τά
821 1275 1051 1330 τοιαῦτα
1075 1277 1328 1331 νοσοῦσαι
1353 1294 1367 1309 ⁸
1401 1279 1519 1333 νυνὶ
1548 1281 1607 1335 δὲ
1632 1283 1665 1351 ἡ
1712 1282 1869 1347 πόλις
1905 1282 2065 1355 ἡμῶν
2100 1285 2304 1337 τούτων

724 1359 1134 1439 ἐμπέπλησται,
1159 1360 1254 1413 καὶ
1292 1360 1468 1431 χιλίας
1510 1364 1605 1417 καὶ
1631 1364 1712 1429 δὶς
1738 1365 2005 1430 τοσαύτας
2029 1368 2299 1439 εὑρήσεις.

724 1435 898 1496 Δῦται
930 1444 985 1495 αἱ
1033 1442 1288 1513 δεόμεναι
1334 1446 1708 1514 προστασίας,
1749 1443 1909 1503 αὗται
1956 1452 2014 1510 al
2071 1435 2301 1521 ἔρημοι,

726 1523 889 1582 αὗται
914 1527 973 1582 al
1006 1528 1179 1598 χαμαὶ
1214 1526 1465 1600 κείμεναι
1489 1546 1502 1560 ·
1541 1530 1698 1584 τοῦτο
1726 1532 2066 1604 ἐλεημοσύνη
2086 1574 2103 1597 ,
2148 1532 2306 1587 τοῦτο

726 1609 1141 1680 φιλανθρωπία,
1171 1609 1329 1665 τοῦτο
1382 1613 1463 1675 είς
1497 1612 1654 1677 δόξαν
1682 1614 1947 1671 διαϐαίνει
1989 1616 2126 1671 Θεοῦ
2146 1660 2161 1681 ,
2212 1616 2309 1670 καὶ

725 1694 827 1765 τὴν
853 1693 965 1746 τῶν
991 1693 1263 1764 ὁρώντων,
1292 1696 1386 1749 καὶ
1417 1696 1515 1769 τὴν
1547 1697 1657 1752 τῶν
1696 1700 2034 1770 πασχόντων,
2074 1701 2169 1755 καὶ
2206 1700 2304 1772 τὴν

725 1775 837 1832 τῶν
862 1775 1162 1830 ποιούντων
1188 1777 1453 1847 ὠφέλειαν
1486 1781 1909 1847 κατασκευάζει.
1933 1785 2044 1839 Καὶ
2064 1783 2173 1855 γὰρ
2194 1782 2304 1837 τῶν

732 1856 969 1932 ίσχυρῶν
1007 1857 1064 1911 al
1096 1858 1482 1933 ἀσθενέστεραι
1520 1862 1858 1939 δικαιότερον
1897 1867 1965 1921 ἂν
2005 1867 2302 1940 βοηθοῖντο,

728 1943 825 1997 καὶ
852 1940 960 1995 τῶν
975 1940 1121 1995 ,νέων
1152 1943 1207 1995 at
1245 1948 1631 2015 γεγηρακυῖαι,
1668 1949 1764 2002 καὶ
1805 1949 1914 2003 τῶν
1945 1950 2083 2013 ὅλως
2111 1949 2307 2022 μέτρια

726 2024 1083 2097 κεκτημένων
1110 2027 1183 2078 αἱ·
1203 2026 1337 2098 μηδὲ
1365 2028 1464 2098 τῆς
1493 2029 1797 2099 ἀναγκαίας
1823 2033 2152 2105 εὐποροῦσαι
2177 2049 2305 2105 τρο-

728 2110 857 2182 φῆς,
882 2108 979 2163 καὶ
1007 2108 1118 2163 τῶν
1140 2111 1290 2182 παρά
1321 2113 1539 2177 πολλοῖς
1579 2116 1895 2187 ἐπεράστων
1921 2119 1979 2171 αἱ
2023 2116 2309 2188 βδελυκταὶ

730 2192 886 2264 παρά
916 2195 1030 2254 τοῖς
1064 2192 1279 2259 πολλοῖς
1313 2193 1404 2249 διὰ
1437 2197 1498 2250 τὸ
1533 2198 1642 2252 τῶν
1674 2200 1863 2255 παθῶν
1892 2201 2306 2272 δυσανάσχετον,

729 2278 827 2330 καὶ
856 2276 968 2330 τῶν
994 2275 1153 2349 ὕϐριν
1181 2278 1660 2352 προστριϐομένων
1682 2284 1739 2338 αἱ
1760 2285 1853 2358 καὶ
1885 2284 1983 2357 τὴν
2008 2284 2309 2358 γενομένην

728 2358 1040 2430 ἀποτρέψαι
1067 2359 1361 2431 δυνάμεναι
1391 2364 1486 2417 καὶ
1513 2354 1787 2437 εὐφημίαν
1818 2354 2154 2440 προσθεῖναιξ
2188 2354 2306 2421 Δεῖ-

731 2443 823 2508 ξον
854 2443 1058 2508 τοίνυν,
1090 2444 1172 2498 ὅτι
1208 2445 1297 2500 διά
1328 2446 1421 2500 τὸν
1455 2446 1589 2501 Θεὸν
1620 2450 1793 2505 ταῦτα
1824 2453 2147 2517 ποιεῖς,,καὶ
2182 2451 2311 2506 τούο

727 2543 840 2592 των
875 2527 1156 2599 ἐπιμελοῦ.
1183 2529 1358 2583 ’Ἂν-δὲ
1387 2530 1591 2596 ταύτας
1615 2533 1749 2604 μηδὲ
1776 2534 1909 2607 ὄναρ
1943 2536 2069 2590 ἰδεῖν
2098 2535 2306 2609 ἐθέλῃς,

730 2610 1128 2681 εὐπροσώπους
1156 2612 1214 2665 δὲ
1247 2614 1342 2668 καὶ
1380 2615 1508 2678 νέας
1540 2617 1757 2688 περιίῃς
1785 2618 2057 2689 ἀγρεύων,
2090 2619 2185 2673 καὶ
2212 2620 2309 2689 τῆς

731 2693 1097 2766 ἀνελευθέρου
1132 2695 1337 2767 ταύτης
1366 2697 1543 2769 ἄγρας
1585 2700 1760 2753 αἰτίαν
1796 2700 1897 2771 μὲν
1946 2701 2138 2773 ἑτέραν
2171 2701 2311 2773 ἔχων

731 2777 835 2835 οὐκ
855 2778 1108 2851 ἀνεκτὴν,
1128 2779 1562 2851 προϐαλλόμενος
1582 2781 1638 2836 δέ
1664 2784 1857 2855 ἑτέραν
1882 2783 2146 2840 δοκοῦσαν
2172 2782 2311 2841 εἶναι

733 2862 1123 2933 εὐπρόσωπον,
1152 2861 1254 2933 τὴν
1283 2862 1385 2933 τῆς
1446 2866 1796 2936 προστασίας,
1844 2866 1947 2921 κᾶν
1995 2866 2313 2939 ἀνθρώπους

733 2943 1100 3015 παραλογίσῃ,
1126 2943 1261 2998 ἀλλὰ
1286 2944 1347 2997 τὸ
1382 2945 1676 3001 ἀδέκαστον
1705 2951 1807 3003 ούκ
1834 2952 2137 3021 ἁπατήσεις
2164 2950 2311 3005 δικα-

735 3028 976 3099 στήριον,
997 3027 1064 3081 δι’
1086 3026 1279 3099 ἑτέραν
1303 3029 1402 3099 μὲν
1433 3030 1604 3084 ταῦτα
1635 3033 1807 3087 ποιῶν
1832 3035 2125 3105 πρόφασιν,
2149 3033 2316 3105 ἀλλην

734 3109 794 3163 δὲ
816 3109 1268 3181 προϐαλλόμενος.
1294 3110 1446 3184 [2'59]
1476 3112 1680 3181 Λέγετε
1699 3115 1798 3186 μὲν
1820 3116 1935 3187 γὰρ
1952 3115 2041 3169 διά
2070 3115 2160 3169 τὸν
2185 3115 2320 3169 Θεὸν

736 3195 954 3251 ἅπαντα
985 3200 1264 3270 πράττειν,
1291 3200 1559 3270 πράττετε
1594 3198 1653 3254 δὲ
1700 3199 1733 3254 ἃ
1780 3200 1889 3253 τῶν
1940 3198 2158 3271 ἐχθρῶν
2202 3201 2319 3252 ἐστι

736 3282 832 3335 τοῦ
858 3280 993 3336 Θεοῦ
1014 3300 1029 3314 ο
1057 3283 1117 3335 τὸ
1143 3284 1251 3355 γὰρ
1283 3287 1456 3338 ποιεῖν
1485 3285 1547 3338 τὸ
1576 3284 1749 3360 δνομςι
1779 3282 1946 3337 αὐτοῦ
1983 3282 2321 3355 βλασφημεῖ-

742 3365 866 3420 σθαι
912 3366 1007 3420 καὶ
1048 3367 1435 3421 διαϐάλλεσθαι
1463 3367 1571 3421 τῶν
1604 3366 1817 3439 ἐχθρῶν
1863 3369 1980 3422 ἐστι
2034 3367 2127 3421 τοῦ
2159 3366 2315 3423 Θεοῦ.

751 3446 895 3518 Ἐγὼ
924 3451 981 3504 δέ
1007 3452 1100 3504 καὶ
1130 3451 1321 3522 ἑτέραν
1342 3451 1610 3522 ὑποϐολήν
1631 3465 1657 3492 σι
1685 3450 1965 3521 ποιοῦμαι.
1989 3450 2184 3520 Θῶμεν
2213 3448 2321 3520 γὰρ

742 3532 1029 3602 ἀληθεύειν
1076 3533 1167 3586 τὸν
1198 3532 1371 3586 ταῦτα
1413 3534 1661 3611 λέγοντα,
1702 3533 1796 3588 καὶ
1828 3533 2127 3602 ἐπιθυμίας
2152 3534 2323 3587 καθα-

748 3615 926 3684 ρεύειν
960 3617 1197 3687 ἀπάσης,
1232 3618 1325 3671 καὶ¹
1354 3616 1413 3681 ἐξ
1470 3617 1659 3689 ἐτέρου
1708 3618 1807 3688 μὲν
1851 3616 2085 3681 οὐδενὸς,
2130 3618 2323 3687 ἀπὸλδὲ

744 3698 1026 3762 εὐλαϐείας
1073 3700 1239 3771 μόνης
1288 3699 1492 3770 ταύτην
1540 3698 1891 3770 ἀναδέχεσθαι
1936 3699 2034 3770 τὴν
2083 3695 2324 3772 προστά-

666 3794 667 3797 ‘
747 3781 896 3834 σίαν·
928 3782 1053 3836 ούδέ
1082 3782 1191 3853 γὰρ
1219 3782 1361 3837 οῦτω
1393 3784 1667 3847 κολάσεως
1711 3782 1876 3837 αὐτὸν
1902 3783 2324 3854 ἀπηλλαγμένον

746 3866 1073 3937 εὑρήσομεν.
1109 3868 1172 3919 Εἰ
1215 3869 1313 3938 μὲν
1354 3868 1461 3938 γὰρ
1498 3868 1694 3939 ἠπόρει
1740 3867 2065 3938 προφάσεων
2098 3868 2321 3940 ἐτέρων,

747 3952 806 4003 ἐν
830 3944 920 4013 αἷς
938 3950 1033 4003 καὶ
1051 3950 1148 4021 τὴν
1178 3950 1460 4004 εὐλάϐειαν
1483 3950 1850 4013 ἐπιδείξασθαι
1878 3950 2004 4017 ἔδει,
2036 3952 2129 4004 καὶ
2156 3948 2325 4023 χωρὶς

745 4031 855 4085 τῶν
882 4032 1384 4103 σκανδαλιζομένων
1410 4033 1598 4104 ψυχῶν
1620 4033 1778 4087 τοῦτο
1809 4034 2053 4105 ποιῆσαι·
2088 4034 2325 4105 μάλιστα

752 4117 852 4186 μὲν
892 4114 1015 4169 οὐδὲ
1065 4115 1207 4169 οὕτω
1255 4115 1429 4170 ταῦτα
1490 4117 1974 4189 πραγματεύεσθαι
2014 4114 2149 4181 ἔδει,
2199 4116 2328 4171 ἔνθα

754 4198 1013 4269 μείζωνή
1048 4199 1219 4269 ζημία
1271 4200 1367 4252 τοῦ
1416 4201 1660 4270 κέρδους.
1696 4200 1804 4255 Ποῦ
1844 4199 1955 4269 γὰρ
2005 4202 2154 4263 ἴσον,
2204 4201 2325 4254 εἰπέ

755 4297 867 4349 μοι,
893 4280 1161 4351 παρθένου
1187 4284 1315 4351 μιᾶς
1343 4283 1375 4351 ἢ
1401 4282 1545 4335 δυεῖν
1572 4284 1969 4354 προϊστάμενον
1998 4284 2329 4354 σωματικῶν

750 4365 938 4417 ἕνεκεν
971 4364 1313 4434 πραγμάτων
1345 4364 1548 4435 ἄπειρα
1580 4366 1761 4437 πλήθη
1805 4366 2158 4421 σκανδαλίσαι
2187 4367 2329 4421 κατά

750 4446 959 4517 ψυχήν;
990 4447 1137 4517 Πλὴν
1165 4447 1280 4501 ἀλλ’
1320 4449 1419 4519 οὐχ
1462 4449 1693 4521 ούτωςή
1743 4450 2047 4522 κατηγορία
2083 4450 2291 4521 χαλεπή
2312 4467 2324 4479 ο

756 4530 885 4584 ὅταν
913 4530 970 4583 δὲ
1013 4530 1211 4602 μυρίας
1240 4528 1407 4604 εῦρῃς
1439 4531 1592 4596 ὀδοὺς
1626 4534 1720 4586 καὶ
1764 4533 2103 4605 κατηγορίας
2154 4532 2332 4603 ἀπηλο

755 4612 1067 4684 λαγμένας.
1116 4615 1208 4668 καὶ
1243 4615 1554 4676 σκανδάλων
1604 4616 1923 4687 ἐλευθέρας,
1970 4617 2065 4671 καὶ
2106 4616 2332 4687 μείζονα

756 4697 985 4767 ἐχούσας
1013 4697 1111 4768 τὴν
1148 4699 1417 4770 ἐμπορίαν
1443 4699 1493 4762 δ,
1543 4699 1685 4763 τίνος
1729 4700 1912 4752 ἕνεκεν
1962 4698 2145 4769 σαυτῷ
2189 4698 2332 4770 πρά·-

756 4797 948 4854 γματα
989 4780 1211 4845 πλέκεις
1245 4782 1367 4852 είκῆ
1412 4782 1507 4835 καὶ
1544 4782 1743 4853 μάτην,
1775 4782 1871 4834 καὶ
1902 4781 1964 4834 τὸ
1998 4782 2190 4852 κέρδος
2227 4783 2333 4837 ὑπο

756 4865 1134 4938 ορύττεις,καὶ
1161 4866 1472 4935 ἐπισφαλῶς
1492 4866 1794 4936 οἰκοδομεῖς
1823 4866 1917 4919 καὶ
1937 4866 2334 4934 ἐπονειδίστως,

756 4948 932 5019 παρὸν
960 4947 1100 5018 μετά
1122 4949 1420 5018 ἀσφαλείας
1451 4951 1543 5003 καὶ
1571 4950 1730 5017 δόξης
1760 4948 1959 5020 πολλῆς
1982 4965 1996 5014 ;
2023 4950 2138 5002 Ούκ
2160 4945 2335 5014 οἶσθα,

756 5034 839 5085 ὅτι
854 5030 1108 5102 λαμπρὸν
1124 5032 1468 5085 ἀποστίλϐειν
1488 5033 1592 5103 χρὴ
1608 5031 1881 5102 πανταχοῦ
1896 5031 1989 5084 τοῦ
2008 5034 2051 5085 Χ
2061 5032 2335 5102 ριστιανοῦ

755 5116 850 5169 τὸν
876 5114 1008 5185 βίον,
1034 5114 1127 5167 καὶ
1148 5116 1342 5186 ὃτιτὴν
1364 5116 1521 5180 δόξαν
1541 5134 1624 5179 τις
1640 5115 1735 5186 τὴν
1758 5115 1949 5169 ἑαυτοῦ
1972 5115 2341 5186 καταισχύνας

760 5195 1035 5267 πανταχοῦ
1076 5197 1260 5250 λοιπὸν
1305 5200 1576 5269 ἄχρηστος
1623 5198 1814 5263 ἔσται,
1855 5198 1947 5251 καὶ
1992 5198 2146 5253 οὐδὲν
2199 5199 2340 5269 μέγα

762 5281 1019 5353 κερδᾶναι
1052 5282 1363 5354 δυνήσεται,
1401 5282 1504 5335 κᾶν
1558 5282 1771 5352 μεγάλα
1810 5282 1963 5353 τύχοι
2019 5283 2339 5356 κατορθῶν;

762 5368 873 5422 Ἂν
905 5365 1015 5436 γὰρ
1050 5365 1147 5419 καὶ
1198 5366 1265 5419 τὸ
1306 5365 1460 5431 ἅλας
1502 5356 1823 5433 μωρανθῇ,
1874 5367 2072 5437 φησὶν,
2114 5366 2186 5421 ἐν
2226 5368 2343 5422 τίνι

762 5447 1157 5515 ἁλισθήσεται
1196 5450 1451 5513 λοιπόν;
1481 5448 1649 5513 "Ala;
1689 5449 1797 5521 γὰρ
1840 5451 1988 5519 ἡμᾶς
2024 5446 2162 5503 εἶναι
2219 5451 2343 5519 βού-

763 5533 913 5584 λεται
945 5532 1039 5585 καὶ
1072 5531 1189 5599 φῶς
1240 5533 1334 5585 καὶ
1370 5530 1550 5601 ζύμην
1594 5533 1623 5584 ὁ
1664 5531 1829 5595 Θεὸς,
1860 5532 1935 5596 ώς
1986 5534 2080 5585 καὶ
2126 5534 2346 5606 ἑτέρους

764 5612 1023 5668 δύνασθαι
1059 5615 1158 5685 τῆς
1202 5614 1259 5681 ἐξ
1308 5613 1465 5686 ἡμῶν
1502 5613 1940 5685 μεταλαμϐάνειν
1964 5614 2247 5685 ὡφελείας.
2284 5618 2347 5670 El

769 5698 874 5768 γὰρ
910 5697 1167 5769 ἀλήπτως
1211 5696 1411 5761 ζῶντες
1451 5686 1728 5769 ἀνθρωττοι
1775 5698 1925 5769 μόλις
1968 5701 2093 5763 τοὺς
2143 5701 2346 5772 ἠμελη-

768 5780 964 5852 μένους
994 5779 1321 5853 ἐπιστρέψαι
1345 5780 1583 5834 δύναιντ’
1609 5780 1696 5845 ἂν,
1730 5783 1778 5834 εἰ
1810 5783 1904 5836 καὶ
1927 5781 2096 5853 λαϐὴν
2124 5783 2347 5855 δοίημεν

827 5896 859 5963 ξ
881 5895 1033 5963 ξανῌ.
1053 5896 1532 5963 ὑπερϐολήν,-Μοιζοὶ.
1554 5900 1810 5963 ὓποϐολήν.

823 5956 854 6002 δ
876 5935 1033 6013 ἕΞὲξῆ
1056 5935 1757 6027 ἱόὲἓφᾝζίιῖἴέιῗὲιὶτὶῖρξὶῖὲζ

1399 331 1456 387 S.
1498 332 1784 390 JOANNIS
1821 336 2309 393 CHRYSOSTOMI
2347 339 2664 394 ARCIIIEP.
2702 339 3254 396 CONSTANTINOP.

3885 341 3989 398 $35

2416 456 2621 520 αὐτοῖς,
2655 456 2774 520 πῶς
2820 456 2882 509 ού
2932 455 3196 509 πάντοθεν
3232 452 3535 507 ὑπεύθυνοι
3581 454 3680 525 τῆς
3717 453 3998 520 ἀπωλείας

2413 538 2650 608 ἐσόμεθα
2669 541 2767 610 τῆς
2795 539 3017 592 ἐκείνων
3037 556 3049 599 ;
3073 538 3286 607 Ὥσπερ
3308 537 3417 607 γὰρ
3436 536 3536 589 οὐκ
3558 535 3636 588 ενι
3665 536 3778 605 βίον
3804 537 4001 607 ἔχοντα

2409 620 2802 691 διεφθαρμένον
2831 620 3072 695 σωθῆναί
3099 637 3250 685 ποτε,
3270 620 3442 681 οὓτως
3480 618 3604 672 οὗτε
3627 618 3784 684 δόξαν
3819 619 4002 691 ἑαυτῷ

2412 703 2703 774 περιθέντα
2732 701 2978 773 πονηρὰν
3001 702 3225 755 δυνατὸν
3255 700 3538 770 διαφυγεῖν
3567 701 3664 772 τὴν
3692 702 3938 756 κόλασιν.

2494 785 2632 838 Ἀλλ’
2660 788 2708 838 εί
2738 785 2820 838 δεῖ
2852 786 2947 838 καὶ
2989 783 3304 853 θαυμαστὸν
3339 785 3512 836 είπεῖν
3542 801 3616 848 τι,
3649 786 3752 837 κᾶν
3783 785 4001 854 μεγάλα

2408 885 2493 931 τις
2524 869 2767 941 ἁμάρτῃ,
2804 867 2984 921 λαθὼν
3013 868 3070 920 δὲ
3119 866 3423 937 ἐργάσηται
3466 866 3625 919 τοῦτο
3663 867 3757 920 καὶ
3792 867 4001 936 μηδένα

2410 949 2758 1022 σκανδαλίσῃ,
2785 950 3050 1003 ἐλάττονα
3080 949 3265 1003 δίδωσι
3292 948 3448 1017 δίκην
3471 949 3565 1001 τοῦ
3594 948 4003 1019 καταδεέστερα

2412 1032 2510 1099 μὲν
2531 1032 2931 1104 ἡμαρτηκότος,
2969 1031 3107 1102 μετά
3136 1030 3450 1103 παρρησίας
3482 1030 3539 1084 δὲ
3578 1031 3674 1084 καὶ
3710 1032 3838 1094 τοὺς
3870 1030 4004 1084 πολ-

2407 1113 2531 1177 λοὺς
2563 1113 3037 1177 σκανδαλίσαντος.

2474 1203 2545 1266 η’.
2579 1197 2690 1249 Καὶ
2708 1197 2794 1249 ἵνα
2821 1196 2896 1267 μὴ
2918 1196 3208 1267 θαυμάσῃς
3227 1194 3288 1247 τὸ
3302 1194 3515 1266 λεχθὲν,
3538 1195 3673 1267 μηδέ
3690 1195 4011 1267 ὑπερϐολὴν

2405 1277 2694 1349 καταγνῷς
2740 1278 2834 1332 τοῦ
2860 1279 3043 1347 λόγου,
3071 1278 3170 1349 τὴν
3198 1277 3379 1349 ψῆφόν
3420 1296 3503 1333 σοι
3544 1278 3750 1349 ταύτην
3780 1280 4013 1349 οἴσομεν

2404 1363 2469 1415 ἐκ
2505 1359 2599 1415 τοῦ
2631 1360 2860 1433 ούρανοῦ
2882 1404 2898 1429 ,
2931 1363 3027 1415 καὶ
3056 1362 3149 1415 τὸν
3178 1361 3343 1432 νόμον
3383 1363 3573 1416 τοῦτον
3624 1361 3837 1415 ἐκεῖθεν
3866 1363 4006 1415 ἀνα-

2404 1444 2744 1514 γνωσόμεθα.
2771 1446 2874 1499 Τὸν
2901 1444 3012 1517 γὰρ
3039 1445 3309 1516 μακάριον
3346 1446 3607 1510 Μωῦσέα,
3656 1447 3754 1500 καὶ
3779 1445 4007 1503 πάντων

2403 1527 2706 1600 ἀνθρώπιον
2744 1529 3051 1600 πραότατον
3094 1527 3203 1581 τῶν
3247 1526 3342 1581 ἐπὶ
3367 1528 3468 1599 τῆς
3494 1528 3622 1599 γῆς,
3656 1529 3752 1581 καὶ
3777 1527 3858 1597 τῷ
3882 1527 4014 1597 Θεῷ

2404 1612 2577 1678 φίλον,
2632 1612 2725 1665 καὶ
2777 1610 3077 1684 προφητῶν
3110 1608 3336 1681 μείζονα
3367 1609 3516 1677 (τοῖς
3551 1611 3649 1681 μὲν
3678 1609 3789 1681 γάρ
3818 1609 4012 1672 ἄλλοις.

2405 1695 2470 1747 δι’
2497 1697 2837 1767 αἰνιγμάτων
2859 1694 3133 1766 διελέχθη,
3156 1692 3333 1762 τούτῳ
3352 1693 3409 1748 δέ
3439 1693 3517 1758 ὡς
3536 1692 3604 1747 ἂν
3624 1695 3675 1747 εί
3691 1693 3847 1763 φίλος
3866 1693 4008 1764 πρὸς

2408 1778 2630 1849 φίλον)·
2676 1778 2871 1834 τοῦτον
2918 1778 3099 1833 τοίνυν
3148 1777 3364 1832 καὶτὸν
3393 1775 3659 1842 τοιοῦτον,
3706 1776 3801 1829 τὸν
3834 1774 4015 1848 μυρία

2407 1860 2552 1914 κατά
2570 1861 2669 1932 τὴν
2689 1861 2786 1933 ἑρη
2797 1877 2896 1930 μον
2926 1859 3423 1932 ταλαιπωρηθέντα
3445 1861 3502 1912 ἐν
3534 1858 3682 1912 ἑτεσι
3704 1856 4008 1920 τοσούτοις,

2405 1944 2503 1998 τὸν
2530 1946 2660 2016 περὶ
2689 1944 2803 1999 τῶν
2819 1945 3064 2015 ἐσχάτων
3099 1942 3526 1997 κινδυνεύσαντα
3550 1941 3835 2004 πολλάκις,
3853 1941 4015 2011 παρὰ.

2404 2046 2467 2082 τε
2518 2030 2839 2098 Αἰγυπτίοις
2890 2028 3033 2100 ὑπὲρ
3057 2025 3355 2092 Ἰουδαίων,
3415 2026 3568 2098 παρά
3611 2042 3673 2080 τε
3728 2024 4011 2088 Ἰουδαίοις

2408 2112 2549 2184 ὑπὲρ
2576 2111 2757 2166 αὐτῶν
2813 2112 2976 2166 πάλιν
3023 2110 3132 2164 τῶν
3179 2107 3518 2179 ἀγνωμόνων
3563 2108 3815 2173 ἐκείνων,
3851 2108 4011 2161 οὐδὲν

2406 2196 2594 2268 ἕτερον
2622 2195 2865 2250 ἐκώλυσε
2900 2195 3040 2266 μετά
3071 2194 3172 2257 τὰς
3207 2193 3413 2256 πολλάς
3444 2192 3829 2263 ταλαιπωρίας
3860 2192 4012 2244 ἐκεί-

2407 2295 2505 2342 νας
2531 2279 2626 2333 καὶ
2646 2278 2715 2332 τὰ
2758 2279 2928 2349 μυρία
2961 2276 3362 2349 κατορθώματα
3400 2276 3503 2346 τῆς
3541 2275 3881 2344 ἐπαγγελίας
3908 2291 4007 2326 τυ-

2408 2364 2544 2434 χεῖν,
2572 2362 2605 2434 ἢ
2634 2361 2696 2415 τὸ
2727 2361 3078 2415 σκανδαλίσαι
3132 2361 3259 2422 τοὺς
3307 2360 3567 2420 συνόντας
3610 2356 3761 2429 αὐτῷ
3786 2358 3881 2411 ἐπὶ
3908 2356 4013 2411 τοῦ

2410 2446 2621 2507 ὓδατος.
2658 2445 2769 2499 Καὶ
2801 2444 2961 2498 τοῦτο
2984 2443 3355 2513 αἰνιττόμενος
3383 2445 3412 2497 ὁ
3448 2441 3582 2506 Θεὸς
3616 2441 3804 2512 έλεγεν
3825 2480 3839 2505 ,
3872 2441 4010 2494 Ὀτι

2409 2532 2522 2584 οὐκ
2571 2527 2973 2583 ἐπιστεύσατε
3015 2544 3121 2597 μοι
3157 2525 3403 2595 ἁγιάσαι
3447 2542 3525 2595 με
3573 2524 3856 2579 ἐναντίον
3886 2521 4014 2578 τῶν

2409 2611 2559 2667 υἱῶν
2591 2610 2852 2681 Ἰσραὴλ,
2880 2610 2979 2666 διὰ
3023 2610 3199 2665 τοῦτο
3237 2613 3350 2663 οὐκ
3379 2608 3651 2673 εἰσάξετε
3696 2606 3812 2675 τὴν
3850 2622 4011 2660 συν-

2410 2694 2653 2767 αγωγὴν
2700 2695 2931 2762 ταύτην
2983 2696 3070 2760 εἰς
3105 2692 3223 2761 τὴν
3250 2692 3388 2762 γῆν,
3426 2692 3507 2760 ἣν
3537 2691 3732 2747 ἔδωκα
3774 2688 4005 2755 αὐτοῖς.

2410 2781 2611 2833 Καί-τοι
2636 2778 2729 2831 καὶ
2755 2778 2861 2851 πρὸ
2878 2777 3072 2831 τούτου
3092 2777 3211 2831 τινὰ
3243 2778 3560 2847 παρήκουσε
3579 2775 3695 2841 (καὶ
3724 2775 3834 2846 γάρ
3880 2774 4009 2827 ἀντ-

2415 2865 2535 2916 εῖπε
2569 2860 2646 2932 τῷ
2673 2860 2792 2931 Θεῷ
2841 2860 2937 2915 καὶ
2958 2858 3105 2925 ἅρπαξ
3128 2860 3222 2913 καὶ
3250 2859 3332 2923 δίς
3357 2858 3711 2929 πεμπόμενος
3728 2859 3813 2919 εἰς
3840 2854 4012 2923 Αἴγυ-

2415 2963 2571 3009 πτον,
2602 2943 2696 2998 καὶ
2733 2943 2870 3014 μετά
2912 2942 3090 2996 ταῦτα
3140 2944 3234 2996 ἐπὶ
3268 2942 3369 3012 τῆς
3420 2943 3630 3014 ἐρήμου
3679 2940 4015 3009 διηπίστησε

2415 3029 2592 3098 λέγων
2612 3043 2624 3056 ·
2658 3024 2813 3099 [2401
2848 3026 3194 3091 Ἑξακόσιαι
3217 3024 3493 3095 χιλιάδες
3525 3023 3645 3078 εισι
3673 3020 3883 3084 πεζῶν,
3908 3022 4011 3099 καὶ

2417 3096 2500 3167 σὺ
2527 3096 2721 3176 εἴπας.
2751 3107 2909 3177 Κρέα
2936 3107 3111 3162 δώσω
3134 3107 3361 3174 αὐτοῖς,
3398 3109 3497 3162 καὶ
3525 3107 3820 3177 φάγονται
3842 3096 4015 3174 μῆνα

2419 3192 2673 3263 ἡμερῶν.
2709 3191 2809 3259 Μὴ
2849 3192 3118 3260 πρόϐατα
3162 3191 3259 3244 καί
3290 3191 3439 3257 βόες
3470 3188 3917 3259 σφαγήσονται,
3970 3186 4017 3255 ἢ

2420 3276 2543 3332 πᾶν
2582 3275 2649 3329 τὸ
2681 3275 2839 3343 ὄψον
2862 3272 2973 3341 τῆς
3006 3273 3324 3339 θαλάσσης
3352 3274 3824 3342 «συναχθήσεται
3845 3312 3860 3337 ,
3912 3272 4018 3326 καὶ

2419 3358 2662 3429 ἀρκέσει
2709 3356 2947 3422 αὐτοῖς-ς
2991 3356 3087 3409 καὶ
3124 3354 3261 3426 μετὰ
3284 3355 3456 3409 ταῦτα
3485 3355 3544 3409 δέ
3584 3354 3748 3409 πάλιν
3773 3354 4017 3408 ἀπεδυσέ

2421 3444 2645 3513 πέτησε,
2676 3441 2772 3494 καὶ
2832 3439 2929 3492 τοῦ
2961 3438 3136 3509 δήμου
3167 3440 3267 3509 τὴν
3301 3439 3642 3511 προστασίαν
3690 3439 4021 3510 παρῃτήσα-

2420 3523 2517 3594 το)
2542 3543 2556 3556 ο
2588 3522 2703 3577 ἀλλ’
2723 3523 2872 3593 ὅμως
2905 3522 3058 3575 οὐδὲν
3089 3521 3298 3573 τούτων
3336 3520 3559 3591 ἴσχυσεν
3584 3520 3747 3574 αὐτὸν
3774 3522 4020 3574 ἀποστε-

2427 3608 2589 3679 ρῆσαι
2638 3605 2749 3659 τῶν
2784 3605 2963 3659 ἄθλων
2996 3603 3105 3657 τῶν
3139 3604 3538 3675 προκειμένων,
3601 3602 3715 3657 ἀλλ’
3748 3603 3781 3674 ἢ
3831 3602 3893 3655 τὸ
3924 3604 4024 3656 ἐπὶ

2422 3691 2518 3745 τοῦ
2552 3691 2743 3753 ὓδατος
2778 3688 2994 3759 συμϐάν
3024 3687 3184 3759 μόνον
3206 3690 3304 3767 ’τῇ
3341 3689 3437 3759 μὲν
3459 3686 3570 3759 γάρ
3600 3686 3760 3756 φύσει
3780 3686 4021 3743 ,ἐκείνων
4086 3690 4089 3693 ’

2425 3775 2643 3828 ἔλαττον
2663 3769 2750 3845 ἦν,
2774 3772 2852 3843 τῷ
2881 3772 2937 3825 δὲ
2967 3770 3107 3843 μετά
3134 3771 3231 3841 τῆς
3264 3768 3466 3841 ἑτέρων
3502 3769 3757 3839 γενέσθαι
3789 3768 4019 3841 βλάϐης,

2427 3858 2608 3928 πολλῷ
2640 3858 2823 3928 μεῖζον
2843 3854 3078 3924 ἐγένετο.
3124 3854 3337 3906 Ἐκεῖνα
3368 3854 3466 3923 μὲν
3494 3852 3601 3926 γὰρ
3632 3852 3738 3924 ἰδία
3770 3850 3866 3905 καὶ
3893 3852 4026 3905 λαν-

2427 3942 2698 4004 θανόντως
2745 3937 2965 4009 συνέϐη,
2998 3935 3158 3990 τοῦτο
3190 3936 3247 3989 δὲ
3288 3936 3538 4007 φανερῶς
3570 3936 3667 3989 καὶ
3691 3936 3786 3988 ἐπί
3811 3934 3903 3988 τοῦ
3929 3936 4028 4005 δή-

2431 4042 2533 4095 μου
2567 4023 2769 4085 παντὸς
2817 4019 3143 4093 [φανερῶς]
3188 4020 3557 4091 ήμαρτάνετο.
3602 4020 3701 4072 Διά
3729 4018 3892 4071 τοῦτο
3928 4021 4028 4073 καὶ

2429 4105 2679 4176 ἐγκαλῶν
2711 4107 2739 4158 ὁ
2763 4104 2895 4168 Θεὸς
2916 4102 3077 4157 τοῦτο
3102 4102 3325 4173 ᾐνίξατο
3346 4101 3537 4163 εἰπὼν,
3561 4101 3692 4154 Ὀτι
3719 4103 3830 4170 οὐχ
3864 4101 4030 4171 invd-

2428 4190 2580 4245 σατέ
2602 4207 2679 4259 με
2698 4188 2980 4242 ἐναντίον
3009 4185 3127 4239 τῶν
3145 4185 3294 4239 υίῶν
3310 4184 3562 4253 Ἰσραήλ
3587 4202 3602 4217 ο
3621 4185 3722 4257 τῆς
3746 4187 4030 4257 ἁμαρτίας

2429 4274 2526 4345 τὴν
2556 4273 2718 4343 φύσιν
2743 4268 3104 4325 ἐκκαλύπτων
3124 4267 3295 4339 αὐτῷ,
3325 4268 3422 4322 καὶ
3450 4268 3572 4322 ὅθεν
3594 4268 3819 4337 γέγονεν
3849 4268 4027 4337 ἀσύγ-

2430 4373 2694 4426 γνωστος,
2737 4351 3093 4424 παραδηλῶν.
3129 4354 3192 4405 Εἰ
3225 4352 3281 4405 δέ
3315 4350 3633 4423 τηλικοῦτον
3660 4351 3831 4423 ἄνδρα
3865 4352 4032 4406 τοῦτο

2434 4439 2807 4512 προσκροῦσαι
2830 4436 3108 4508 ἐποίησεν,
3138 4437 3284 4507 ἡμᾶς
3312 4438 3437 4499 τοὺς
3476 4435 3766 4505 σκώληκας
3801 4437 3897 4489 καὶ
3927 4453 4033 4507 μη.

2434 4525 2688 4595 δαμινοὺς
2717 4522 2833 4584 πῶς
2867 4520 2929 4573 οὐ
2970 4520 3261 4573 καταδύσει
3285 4517 3446 4572 τοῦτο
3472 4520 3565 4573 καὶ
3602 4518 3829 4586 ἀπολεῖς
3858 4520 4032 4575 Οὐδὲν

2434 4608 2543 4678 γάρ
2576 4604 2720 4658 οὕτω
2756 4603 3048 4673 παροξύνει
3068 4603 3159 4670 τὸν
3188 4601 3344 4666 Θεὸν,
3381 4602 3458 4665 ὡς
3487 4604 3615 4655 ὅταν
3640 4602 3702 4655 τὸ
3726 4602 3901 4673 ὄνομα
3929 4603 4032 4656 αὐ-

2436 4693 2529 4745 τοῦ
2562 4681 2973 4761 βλασφημῆται.
2998 4687 3109 4740 Καὶ
3143 4689 3255 4748 τοῖς
3305 4686 3584 4750 Ἰουδαίοις
3610 4686 3667 4738 δὲ
3717 4687 3877 4740 τοῦτο
3915 4687 4035 4742 ἀνω

2439 4775 2534 4829 καὶ¹
2560 4774 2712 4828 κάτω
2752 4770 3052 4823 διετέλεσεν
3094 4768 3365 4838 ἐγκαλῶν,
3395 4771 3524 4822 ’Ὀτι
3569 4769 3635 4822 τὸ
3681 4769 3871 4839 ὄνομά
3906 4788 4033 4839 μου

2432 4855 2834 4925 βεϐηλοῦταν
2877 4854 2972 4907 καὶ
3004 4852 3189 4915 πάλιν,
3232 4852 3420 4921 Ὑμεῖς
3455 4852 3797 4917 ,ϐεϐηλοῦτε
3839 4854 3991 4906 αὑτό
4014 4871 4031 4885 ο

2440 4942 2554 5004 καὶ,
2581 4940 2659 4993 Δι’
2692 4934 2849 5007 ὑμᾶς
2876 4936 2942 4991 τὸ
2970 4935 3160 5005 ὄνομά
3180 4954 3301 5003 μου
3329 4936 3782 5005 ,βλασφημεῖται
3809 4937 3882 4989 ἐν
3902 4936 4039 5002 τοῖς
4086 4971 4091 4976 -

2440 5024 2675 5078 ἔθνεσιο
2698 5022 2793 5080 καὶ
2825 5019 3061 5089 τοσαύτη
3091 5018 3239 5089 αὐτῷ
3266 5018 3357 5071 τοῦ
3398 5020 3472 5090 μὴ
3507 5019 3830 5090 συμϐαίνειν
3873 5020 4039 5074 τοῦτο

2442 5107 2632 5177 γέγονε
2661 5104 2906 5178 πρόνοια,
2932 5102 3008 5165 ώς
3032 5103 3128 5155 καὶ
3157 5101 3408 5168 ἀναξίους
3435 5101 3605 5157 σῶσαι
3629 5102 3915 5167 πολλάκις,
3945 5104 4038 5159 ἵνα

2447 5191 2521 5262 μὴ
2549 5188 2709 5243 τοῦτο
2740 5188 2989 5258 γένηται.
3035 5186 3319 5251 Ἐποίησα
3342 5187 3472 5256 γὰρ,
3496 5187 3684 5257 φησὶνν
3712 5187 3813 5240 ἵνα
3846 5187 3936 5257 μὴ
3967 5188 4035 5267 ﬂ?

2444 5273 2635 5343 ὄνομά
2645 5291 2763 5341 μου
2778 5267 3098 5337 ,ϐεϐηλωθῇ
3113 5287 3125 5299 ·
3149 5269 3265 5331 καὶ,
3300 5272 3382 5322 Οὐ
3410 5268 3486 5321 δι’
3523 5268 3681 5338 ὑμᾶς
3709 5270 3826 5340 ἐγὼ
3861 5270 4037 5335 ποιῶ,

2447 5354 2613 5423 οἶκος
2640 5356 2747 5410 τοῦ
2772 5352 3043 5423 Ἰσραὴλ,
3063 5353 3200 5406 ἀλλ’
3235 5352 3336 5406 ἵνα
3366 5352 3453 5420 μὴ
3478 5351 3544 5405 τὸ
3570 5351 3762 5423 ὄνομά
3787 5373 3909 5424 μου
3930 5356 4041 5420 βε.

2448 5438 2686 5509 δηλωθῇ
2717 5451 2764 5491 ε.
2800 5439 2911 5491 Καὶ
2954 5438 2983 5489 ὁ
3017 5435 3230 5499 Παῦλος
3260 5434 3317 5487 δὲ
3351 5434 3599 5503 ἀνάθεμα
3641 5432 3782 5490 εἶναι
3832 5436 4041 5508 ηὔξατο

2449 5524 2591 5596 ὑπὲρ
2614 5524 2713 5592 τῆς
2739 5520 2834 5574 τοῦ
2869 5519 3005 5573 Θεοῦ
3030 5518 3189 5586 δόξης
3210 5534 3222 5546 ·
3272 5518 3366 5571 καὶ
3420 5516 3583 5581 αὐτὸς
3607 5521 3635 5572 ὁ
3676 5521 3921 5591 Μωῦσῆς
3952 5522 4045 5589 ἐξ-

2450 5605 2773 5675 αλειφθῆναι
2810 5604 2909 5672 τῆς
2957 5601 3140 5672 βίϐλου
3171 5600 3547 5673 παρεκάλεσεν
3578 5601 3720 5673 ὑπὲρ
3747 5602 3849 5672 τῆς
3879 5604 4045 5675 δόξης

2451 5690 2545 5744 τοῦ
2580 5690 2840 5758 ὀνόματος
2883 5686 2976 5738 τοῦ
3003 5682 3168 5738 Θεοῦ·
3196 5685 3355 5755 ὑμεῖς
3388 5685 3443 5739 δὲ
3476 5687 3535 5739 ού
3588 5686 3750 5757 μόνον
3781 5687 3935 5742 οὐδὲν
3964 5691 4046 5741 al-

2459 5772 2636 5848 ρεῖσθε
2663 5771 2872 5835 παθεῖν,
2893 5769 3035 5823 ὥστε
3056 5766 3259 5839 ταύτην
3272 5767 3721 5840 ἀποκρούσασθαι
3744 5769 3846 5840 τὴν
3876 5769 4045 5840 βλασ-

2459 5845 2687 5931 φημίαν,
2718 5853 2856 5910 ἀλλά
2913 5853 3091 5906 πάντα
3125 5852 3417 5926 πράττετε,
3454 5852 3520 5907 δι’
3551 5845 3626 5910 ὧν
3650 5850 3843 5918 αὔξετε
3870 5854 4045 5927 αὐτὴν

2520 5966 2540 5994 τ
2572 5962 2719 6012 Savil.
2754 5958 3087 6025 βλασφημηθῇ.
