4264 6312
258 361 364 417 505

257 473 530 547 porrigant
571 487 805 528 manum.
851 467 906 524 Si
952 484 1082 538 opes
1113 468 1295 531 habes,
1346 467 1397 520 in
1439 463 1538 520 bas
1565 460 1838 533 expende;

258 585 305 623 st
330 567 540 622 validus
569 581 628 620 es
648 607 662 631 ,
696 563 790 618 has
833 562 1075 631 corporis
1100 559 1394 615 ministerio
1423 557 1614 627 adjuva
1639 572 1651 607 :
1677 554 1840 608 multa

253 674 308 721 et
356 663 444 719 hic
484 659 693 732 negotia
734 657 942 714 videbis
982 669 1101 726 quae
1143 653 1380 722 indigent
1433 648 1696 718 corporali
1742 647 1841 701 mi-

261 755 484 812 nisterio
512 761 566 806 et
582 758 794 818 sumptu
818 762 977 817 opum
1026 754 1080 800 et
1105 741 1680 799 eircumcnrsitatione.
1707 736 1840 791 Nam

254 862 390 916 opus
417 844 614 900 habent
637 853 692 897 ut
721 842 826 896 illis
853 839 1189 906 assignentur
1218 833 1504 896 domicilia,
1531 844 1839 901 prteparen-

248 953 342 996 tur
385 938 793 998 medicamenta,
843 943 898 988 et
941 933 1111 986 lectus
1151 937 1205 983 et
1249 936 1426 982 vestes
1471 931 1736 988 emantur,
1788 929 1842 974 et

251 1012 508 1087 curentur
554 1029 659 1085 cibi
711 1027 836 1082 boni
883 1024 1090 1093 aliaque
1145 1020 1348 1083 multa,
1403 1015 1612 1071 etiamsi
1666 1015 1836 1067 solum

249 1124 437 1178 decem
466 1127 664 1185 essent,
697 1133 815 1188 qua:
846 1116 916 1170 ita
945 1120 1240 1184 aegrotant;-
1270 1124 1412 1165 nunc
1441 1117 1619 1162 autem
1648 1106 1836 1160 civitas

251 1221 432 1266 nostra
455 1210 538 1265 his
561 1218 670 1264 tota
697 1207 913 1277 impleta
941 1213 1058 1270 est,
1078 1193 1083 1210 ³
1106 1200 1458 1270 inveniesque
1483 1197 1628 1253 mille
1653 1206 1705 1252 et
1731 1195 1838 1250 duo

250 1302 437 1358 millia.
467 1300 586 1356 istm
615 1307 760 1363 sunt,
791 1313 910 1368 quae
936 1295 1134 1350 auxilio
1164 1294 1419 1362 indigent,
1447 1289 1562 1345 ista:
1584 1288 1838 1344 desolata:

246 1404 395 1461 sunt,
428 1394 542 1449 ista!
568 1392 713 1448 humi
731 1392 947 1462 ‘jacent:
973 1388 1086 1444 haec
1116 1396 1198 1454 est
1226 1386 1587 1455 eleemosyna,
1613 1381 1727 1435 haec
1753 1389 1839 1436 est

247 1485 571 1549 humanitas,
600 1482 704 1540 hoc
728 1481 780 1536 in
805 1478 1026 1549 gloriam
1053 1476 1245 1533 transit
1265 1475 1380 1540 Dei,
1402 1484 1456 1529 et
1476 1475 1530 1534 in
1556 1471 1836 1526 utilitatem

244 1592 433 1632 eorum
472 1574 562 1645 qui
596 1572 817 1635 vident,
845 1579 901 1626 et
944 1557 1033 1640 qui
1077 1567 1387 1638 accipiunt,
1416 1573 1475 1619 et
1499 1563 1588 1633 qui
1616 1561 1836 1617 faciunt.

244 1665 462 1721 Etenim
511 1659 710 1736 iustius
760 1661 1079 1729 adjuvantur
1129 1657 1454 1712 infirmiores
1505 1668 1666 1724 quam
1722 1652 1836 1706 for-

245 1760 440 1820 tiores;
467 1764 521 1812 et
545 1753 736 1810 vetulae
763 1768 922 1824 quam
947 1749 1219 1823 juniores;
1248 1756 1303 1804 et
1328 1747 1411 1802 hte
1440 1745 1633 1815 quibus
1661 1758 1838 1812 neque

245 1849 548 1906 necessaria
572 1854 718 1911 sunt,
750 1859 908 1915 quam
938 1844 1041 1898 illa:
1063 1855 1183 1913 quae
1210 1839 1500 1896 mediocria
1523 1835 1833 1907 possident;

242 1950 297 1993 et
329 1939 434 1992 illae
477 1952 597 2008 quae
639 1935 779 2006 apud
823 1933 1020 1988 multos
1063 1928 1486 1995 abominabiles,
1517 1941 1675 1997 quam
1703 1939 1838 1995 quas

245 2035 400 2089 multi
427 2031 704 2094 adamant;
747 2036 802 2084 et
840 2027 944 2082 illa:
980 2041 1102 2096 qua:
1143 2022 1484 2091 contumeliis
1511 2027 1832 2086 onerantur,

240 2141 404 2193 quam
431 2139 510 2180 ea:
534 2104 652 2194 quae.
683 2120 856 2175 illatas
892 2124 1154 2180 avertere,
1190 2123 1243 2170 et
1285 2114 1483 2169 bonam
1509 2111 1609 2167 sibi
1639 2109 1833 2165 famam

242 2216 533 2272 conciliare
556 2219 796 2284 possunt.
819 2207 1053 2265 Ostende
1079 2207 1239 2278 igitur
1257 2204 1400 2276 quod
1422 2211 1642 2274 propter
1667 2201 1832 2255 Deum

243 2310 346 2362 hoc
373 2305 564 2371 facias,
611 2311 667 2357 et
710 2301 816 2356 illis
845 2299 1126 2371 opitulare.
1159 2296 1312 2366 Quod
1341 2295 1384 2350 si
1417 2295 1513 2349 has
1543 2307 1716 2364 neque
1742 2305 1834 2360 per

241 2415 491 2457 somnum
540 2395 722 2452 videre
760 2396 866 2460 vis,
915 2392 1010 2449 sed
1051 2391 1312 2446 formosas
1359 2395 1416 2444 et
1463 2385 1834 2441 adolescentes

240 2487 638 2547 obambulando
664 2486 892 2549 venaris,
924 2493 977 2538 et
1021 2481 1297 2537 illiberalis
1341 2478 1501 2548 hujus
1531 2476 1835 2533 venationis

244 2597 463 2639 causam
486 2574 699 2652 quidem
728 2578 886 2632 aliam
917 2575 1082 2630 habes
1109 2589 1214 2629 non
1247 2571 1519 2628 ferendam
1537 2613 1551 2639 ,
1579 2568 1834 2642 prmtexis

178 2714 180 2716 τ
241 2685 421 2733 autem
450 2673 606 2729 aliam
637 2687 754 2742 qua:
779 2672 831 2724 in
859 2669 1090 2738 speciem
1118 2667 1345 2722 honesta
1376 2674 1430 2720 et
1458 2672 1674 2733 accepta
1707 2670 1788 2718 est
1813 2705 1829 2731 ,

239 2782 439 2837 nempe
468 2765 708 2830 tutelam,
737 2763 863 2818 licet
891 2760 1138 2816 homines
1162 2757 1417 2829 decipias.
1447 2755 1542 2811 sed
1572 2772 1676 2809 non
1705 2755 1832 2810 item

245 2855 478 2913 tribunal
508 2856 624 2920 Dei,
657 2854 798 2925 quod
826 2851 1134 2910 muneribus
1162 2849 1430 2920 corrumpi
1462 2847 1648 2918 nequit
1673 2866 1685 2901 :
1709 2862 1831 2900 nam

239 2950 310 3003 ob
335 2949 493 3003 aliam
520 2947 732 3014 quidem
755 2959 972 2999 causam
995 2943 1109 2997 luce
1134 2941 1282 3007 facis,
1307 2948 1361 2995 et
1379 2939 1538 2995 aliam
1557 2937 1830 3008 prtetcxis.

243 3036 426 3096 Dicitis
453 3038 666 3110 quidem
692 3079 706 3101 ,
739 3033 880 3106 quod
913 3042 1129 3105 pr0pter
1159 3034 1326 3088 Deum
1373 3032 1578 3086 faciatis
1616 3029 1792 3084 omnia
1814 3070 1830 3095 ,

240 3129 416 3188 facitis
439 3140 614 3186 autem
642 3144 805 3202 opera
833 3143 951 3198 quae
984 3134 1107 3181 sunt
1136 3125 1472 3179 inimicorum
1500 3121 1634 3177 Dei‘:
1661 3121 1833 3191 siqui-

240 3223 364 3279 dem
394 3222 610 3277 efficere
647 3231 705 3276 ut
741 3220 833 3274 Dei
863 3235 1057 3273 nomen
1087 3218 1491 3285 blasphemetur
1525 3222 1579 3270 et
1608 3228 1832 3268 accuse-

243 3324 348 3378 tur.
380 3314 432 3369 id
463 3313 678 3368 demum
705 3321 786 3367 est
808 3311 1144 3366 inimicorum
1170 3309 1286 3363 Dei.
1318 3308 1432 3380 Ego
1460 3323 1585 3362 vero
1611 3314 1668 3362 et
1689 3306 1833 3361 aliud

241 3423 488 3478 suppono
529 3406 840 3476 quippiam:
868 3419 1127 3474 ponamus
1170 3401 1312 3457 enim
1360 3399 1464 3455 hoc
1509 3414 1636 3453 vere
1684 3399 1786 3452 dici
1813 3439 1828 3463 ,

240 3513 470 3568 eumque
514 3497 657 3551 omni
697 3494 1124 3564 concupiscentia
1164 3507 1354 3562 purum
1381 3505 1530 3557 esse,
1563 3505 1738 3560 neque
1767 3505 1834 3545 ex

241 3589 349 3644 ulla
377 3587 478 3651 alia
507 3603 566 3642 rc
592 3602 750 3658 quam
786 3602 852 3640 ex
893 3586 1004 3639 sola
1047 3586 1242 3654 pietate
1271 3583 1408 3637 hanc
1435 3597 1616 3637 curam
1657 3581 1833 3637 susci-

242 3694 406 3750 pere;
438 3685 672 3733 attamen
703 3692 876 3748 ncque
902 3677 980 3730 sic
1008 3677 1178 3745 ipsum
1210 3691 1240 3730 a
1268 3674 1439 3743 poenis
1461 3672 1574 3727 fore
1602 3672 1832 3727 liberum

242 3772 594 3828 inveniemus.
615 3770 747 3826 Nam
775 3770 818 3824 si
849 3769 1098 3825 deessent
1121 3768 1430 3823 occasiones
1456 3765 1596 3829 aliae,
1631 3765 1682 3818 in
1709 3764 1831 3834 qui-

241 3863 342 3918 bus
391 3862 550 3918 etiam
601 3862 852 3931 pietatem
903 3858 1191 3921 exhibere,
1247 3856 1406 3926 idque
1455 3854 1630 3910 facere
1674 3853 1834 3917 nullis

241 3954 521 4008 animabus
547 3953 600 4006 in
646 3967 711 4006 eo
756 3949 1168 4020 impingentibus
1199 3954 1408 4015 posset,
1457 3961 1524 4000 ne
1551 3945 1628 3998 sic
1657 3950 1832 3998 tamen

245 4044 347 4100 hoc
374 4058 535 4114 agere
561 4049 852 4112 oporteret,
885 4039 974 4094 ubi
1012 4039 1183 4108 majus
1211 4038 1359 4091 lucro
1389 4036 1665 4091 damnum.
1698 4034 1832 4088 Num

243 4133 386 4189 enim
414 4149 508 4203 par
525 4140 606 4186 est
623 4139 678 4186 ut
694 4132 762 4186 ob
778 4131 1073 4200 corporalia
1093 4130 1298 4198 negotia
1325 4128 1478 4181 unius
1500 4135 1590 4180 aut
1607 4126 1837 4180 duarum

243 4227 504 4298 virginum
528 4225 728 4281 infinita
748 4222 1027 4278 multitudo
1049 4221 1342 4275 animarum
1361 4219 1621 4287 jacturam
1645 4216 1835 4271 faciat?

245 4318 624 4374 Verumtamen
675 4331 850 4385 neque
894 4315 972 4369 sic
1013 4313 1188 4384 gravis
1223 4320 1315 4367 'est
1365 4313 1632 4366 accusatio
1667 4311 1834 4364 :‘cum

165 4467 168 4470 ,
244 4417 422 4462 autem
467 4406 774 4460 innumeras
805 4405 1043 4459 invenias
1072 4403 1185 4457 vias
1215 4411 1270 4457 et
1294 4403 1494 4457 alienas
1521 4403 1588 4456 ab
1612 4415 1836 4454 accusa-

249 4501 411 4566 tione,
443 4506 497 4552 et
523 4499 717 4552 liberas
745 4513 772 4549 a
805 4495 1090 4558 scandulis,
1124 4503 1177 4548 ct
1204 4509 1322 4564 qua:
1353 4492 1609 4563 majorem
1641 4491 1839 4547 habent

247 4598 534 4660 quaestum,
583 4587 734 4656 cujus
779 4585 856 4641 rei
903 4587 1070 4656 gratia
1126 4585 1218 4638 tibi
1268 4584 1367 4654 ipsi
1416 4585 1586 4638 nectis
1625 4583 1837 4653 negotia

249 4682 446 4736 frustra
474 4688 529 4735 et
553 4681 818 4734 incassum
841 4719 856 4744 ,
886 4687 938 4732 ct
959 4677 1166 4730 lucrum
1196 4675 1436 4740 sutl'odis,
1463 4683 1516 4729 et
1537 4675 1837 4744 periculose

251 4773 484 4829 exstruis
505 4781 664 4842 atque
694 4769 1067 4841 ignominiose,
1095 4784 1216 4823 cum
1241 4768 1396 4822 liccat
1423 4768 1538 4822 sine
1560 4767 1759 4823 damno
1786 4774 1839 4821 et

246 4881 368 4922 cum
394 4880 584 4935 magna
613 4862 820 4934 gloria?
846 4863 925 4915 An
953 4862 1127 4916 nescis
1147 4860 1430 4915 Christiani
1456 4859 1617 4913 vitam
1639 4875 1837 4929 usque-

246 4972 456 5028 quaque
477 4956 656 5010 lucere
672 4953 888 5019 debere,
912 4962 965 5007 et
985 4967 1106 5007 eum
1128 4952 1215 5021 qui
1239 4967 1386 5006 suam
1407 4951 1625 5022 gloriam
1650 4951 1835 5019 ftedet,

251 5050 446 5118 ubique
473 5058 659 5119 postea
689 5046 929 5100 inutilem
961 5043 1096 5110 fore,
1130 5053 1185 5098 et
1209 5044 1338 5098 nihil
1368 5060 1616 5113 magnttm
1646 5044 1838 5100 lucrari

250 5155 444 5210 posse,
485 5139 644 5193 etiam
681 5138 724 5190 si
767 5136 1018 5204 prmclztm
1065 5135 1299 5188 facinora
1331 5133 1595 5189 ediderit?
1625 5151 1747 5189 nam
1778 5135 1841 5190 Si

252 5231 324 5286 sal
370 5231 680 5300 infatuatum
727 5227 900 5298 fuerit,
958 5225 1146 5294 inquit,
1196 5225 1249 5278 iu
1293 5241 1390 5293 quo
1445 5226 1652 5278 salietur
1705 5226 1840 5280 ultra

253 5318 466 5388 (Matth.
503 5318 558 5373 5.
599 5317 725 5387 15)?
769 5316 860 5371 Sal
896 5315 1038 5370 enim
1078 5330 1175 5368 nos
1211 5330 1330 5369 esse
1352 5314 1469 5368 vult
1496 5325 1550 5369 et
1579 5315 1755 5370 lumen
1787 5325 1846 5370 et

252 5406 569 5466 fermentum
605 5411 764 5472 Deus,
807 5419 866 5462 ut
899 5417 952 5462 et
991 5406 1080 5461 alii
1123 5423 1152 5460 a
1194 5406 1349 5461 nobis
1389 5408 1666 5461 utilitatem
1695 5408 1839 5461 acci-

254 5504 417 5572 piant.
443 5499 596 5567 Quod
638 5499 680 5554 si
729 5498 975 5553 homines
1027 5497 1571 5567 irreprehensibiliter
1601 5497 1841 5552 viventes

252 5595 676 5651 t-ixeonvertere
700 5592 880 5647 valent
923 5591 1271 5660 negligentes,
1313 5589 1601 5659 quomodo,
1647 5589 1691 5643 si
1735 5590 1842 5645 illis

251 5697 435 5738 ansam
456 5682 785 5747 dederimus,
803 5697 906 5737 non
926 5682 1277 5752 undequaque
1295 5681 1608 5751 perditionis
1625 5680 1839 5736 illorum

253 5774 334 5832 rei
377 5775 621 5833 erimus?
662 5775 791 5831 Nam
838 5775 972 5832 sicut
1021 5775 1108 5846 qui
1151 5789 1456 5846 perversam
1503 5774 1610 5846 agit
1638 5782 1838 5844 Vitam,

967 353 1240 411 CONTRA
1271 352 1398 409 eos
1439 350 1554 417 QUI
1591 325 2206 406 suam'rnonuuras
2247 347 2522 407 nauma-
2553 351 2888 411 VIRGINES.

3431 359 3536 416 506

1950 484 2239 541 numquam
2266 471 2535 536 salvatur,
2568 473 2638 526 ita
2669 491 2839 544 neque
2864 476 2952 546 qui
2981 477 3216 547 scipsum
3249 479 3535 550 ignominia

1947 563 2199 632 aspergit,
2233 579 2443 633 pmnam
2472 565 2705 636 effugere
2733 567 2945 636 poterit.

2022 652 2123 717 Qui
2160 654 2271 709 sine
2307 656 2524 709 aliorum
2562 657 2870 724 offendicula
2915 668 3121 730 peccat,
3163 661 3348 716 minori
3378 679 3538 734 poena:

1947 744 2194 799 obnoxius
2237 754 2329 800 est.
2345 777 2416 786 —
2433 747 2581 814 Quod
2601 749 2643 800 si
2667 749 2824 802 etiam
2843 749 3152 806 admirabile
3171 751 3424 821 quiddam
3451 755 3536 807 di-

1947 835 2208 902 cendum,
2255 839 2413 892 etiam
2442 839 2485 892 si
2512 840 2746 908 graviter
2773 841 2892 908 quis
2933 851 3148 909 peccet,
3196 843 3240 897 si
3268 843 3404 897 clam
3437 841 3538 899 hoe

1947 928 2109 983 faciat
2134 938 2188 990 et
2209 929 2478 985 neminem
2504 930 2846 998 scandalizet,
2870 932 3133 988 minorem
3155 933 3301 989 dabit
3324 950 3536 1004 ptenam

1946 1037 2102 1090 quam
2150 1023 2239 1093 qui
2286 1018 2459 1078 levius
2495 1025 2768 1094 peccavit,
2816 1025 2910 1082 sed
2953 1027 3292 1098 impudenter
3318 1037 3372 1084 et
3413 1043 3537 1085 cum

1946 1115 2233 1169 multorum
2259 1115 2531 1180 seandalo.

2016 1203 2070 1260 8.
2101 1204 2170 1259 Et
2195 1220 2262 1259 ne
2281 1205 2480 1260 dictum
2507 1205 2809 1275 admireris,
2825 1223 3002 1279 neque
3031 1210 3149 1278 plus
3163 1209 3308 1280 justo
3332 1207 3534 1267 dictum
3628 1236 3630 1239 τ

1943 1303 2119 1363 putes,
2148 1295 2242 1350 tibi
2270 1296 2405 1351 hanc
2435 1312 2466 1353 e
2493 1298 2624 1353 caelo
2645 1293 2961 1355 sententiam
2987 1300 3290 1369 atl‘eremus,
3315 1313 3369 1359 et
3398 1303 3537 1360 hanc

1943 1385 2116 1456 legem
2156 1387 2278 1443 inde
2307 1389 2562 1458 prolatam
2606 1389 2968 1460 probabimus.
3010 1392 3140 1447 Nam
3177 1394 3390 1450 beatum
3423 1397 3538 1452 Mo-

1943 1491 2056 1530 sem
2077 1478 2430 1557 omniumrqui
2455 1491 2616 1549 super
2642 1489 2833 1534 terram
2865 1480 3136 1538 hominum
3167 1485 3530 1552 mitissimum,

1944 1568 2039 1623 Dei
2069 1568 2320 1636 amicum,
2356 1571 2733 1640 prophetarum
2765 1572 3077 1639 maximum,
3100 1574 3534 1646 quandoquidem

1945 1659 2087 1715 Deus
2129 1660 2248 1716 aliis
2290 1677 2385 1732 per
2412 1664 2692 1733 aenigmata
2734 1663 2986 1734 loquutus
3024 1677 3144 1731 est,
3190 1666 3315 1722 huic
3353 1676 3531 1723 autem

1943 1750 2081 1804 sicut
2108 1752 2310 1806 amicus
2336 1752 2507 1808 amico
2539 1771 2553 1810 :
2580 1754 2721 1809 hunc
2763 1755 2922 1825 igitur
2947 1766 3001 1812 et
3030 1757 3186 1812 talem
3217 1760 3304 1828 qui
3337 1760 3534 1815 multas

1942 1839 2188 1896 miserias
2215 1843 2266 1897 in
2303 1841 2522 1899 deserto
2568 1846 2685 1900 tulit
2723 1852 2800 1900 tot
2838 1848 3026 1914 annis,
3077 1848 3168 1917 qui
3197 1849 3248 1904 in
3277 1852 3533 1906 extremis

1943 1948 2087 2004 saepe
2110 1935 2358 2005 periculis
2375 1935 2496 2002 fuit.
2519 1945 2573 1992 et
2595 1938 2733 2009 apud
2751 1938 3031 2010 Egyptios
3057 1954 3278 2012 propter
3291 1943 3530 2005 Judzeos.

1942 2037 1996 2082 et
2020 2025 2158 2096 apud
2178 2025 2390 2083 Judzcos
2414 2045 2512 2099 pro
2542 2030 2670 2099 ipsis
2700 2031 2918 2100 ingratis
2949 2049 2962 2087 :
2997 2042 3178 2088 tamen
3201 2033 3343 2089 hunc
3372 2036 3530 2090 talem

1943 2126 1997 2174 ct
2035 2128 2238 2195 tantum
2285 2120 2417 2175 nihil
2462 2121 2606 2177 aliud
2656 2122 2929 2192 prohibuit
2971 2133 3093 2192 post
3144 2135 3221 2179 tot
3262 2143 3534 2181 arrumnas

1941 2209 2212 2280 multaque
2240 2212 2494 2282 praeclare
2531 2223 2678 2283 gesta
2718 2214 3077 2284 promissione
3125 2218 3281 2286 potiri
3305 2260 3318 2281 ,
3369 2235 3527 2287 quam

1942 2302 2084 2372 quod
2113 2304 2366 2360 seandalo
2409 2304 2595 2361 fuisset
2638 2307 2701 2361 iis
2730 2306 2821 2377 qui
2869 2323 2988 2361 cum
3036 2308 3153 2377 ipso
3194 2319 3348 2371 erant
3392 2313 3530 2380 apud

1942 2410 2154 2465 aquam.
2207 2397 2272 2452 Et
2319 2397 2421 2453 hoc
2459 2407 2541 2453 est
2582 2399 2724 2468 quod
2756 2399 3057 2454 insinuahat
3095 2400 3236 2456 Deus
3260 2391 3531 2459 dicendo?

1946 2485 2080 2552 Quia
2107 2503 2207 2542 non
2233 2488 2515 2543 credidistis
2540 2489 2666 2544 mihi
2686 2532 2701 2556 ,
2746 2500 2800 2543 ut
2839 2492 3223 2562 sanctiﬁcaretis
3257 2512 3336 2549 me
3359 2513 3532 2551 cormu

1941 2577 2064 2646 filiis
2091 2576 2262 2632 Israel
2276 2621 2290 2643 ,
2337 2589 2544 2650 prapter
2579 2581 2674 2635 hoc
2697 2599 2797 2636 non
2823 2582 3068 2638 inducetis
3093 2587 3530 2657 congregationem

1942 2669 2074 2723 hanc
2091 2669 2144 2723 in
2165 2679 2350 2725 terram
2375 2714 2389 2736 ,
2417 2689 2569 2744 quam
2594 2673 2714 2727 dedi
2747 2676 2816 2727 eis
2846 2671 3032 2744 (Num.
3063 2677 3153 2738 20.
3188 2678 3299 2748 12).
3327 2680 3530 2746 Quam-

1940 2760 2022 2816 vis
2045 2771 2221 2816 autem
2249 2772 2406 2818 antea
2434 2765 2484 2819 in
2517 2765 2786 2820 nonnullis
2812 2767 2990 2823 minus
3009 2768 3282 2826 obetlisset
3301 2772 3536 2841 (contra-
3586 2774 3590 2776 ’

1940 2851 2075 2906 dixit
2115 2853 2256 2907 enim
2291 2853 2399 2908 Deo
2425 2855 2590 2910 Semel
2633 2871 2695 2911 ac
2736 2857 2927 2912 iterum
2972 2873 3092 2913 cum
3135 2861 3435 2917 mitteretur
3477 2866 3530 2920 in

1941 2941 2265 3014 Egyptumn
2310 2953 2363 2999 et
2394 2955 2578 3014 postea
2609 2947 2659 3000 in
2696 2946 2913 3002 deserto
2939 2949 3243 3005 incredulus
3270 2949 3484 3009 dicebat
3514 2974 3532 3009 :

1942 3034 2194 3090 Sexcenta
2232 3036 2394 3090 millia
2433 3045 2549 3090 sunt
2596 3039 2855 3105 peditum;
2900 3049 2947 3094 et
2991 3049 3043 3093 tu
3083 3041 3256 3096 dixisti
3297 3059 3315 3096 :
3343 3043 3539 3099 Carnes

1942 3126 2073 3182 dabo
2096 3128 2242 3199 ipsis,
2298 3137 2344 3182 et
2381 3127 2639 3182 comedent
2677 3145 2892 3183 mensem
2922 3131 3135 3184 dierum.
3174 3131 3314 3187 Nam
3343 3152 3456 3188 oves
3486 3146 3536 3189 et

1944 3219 2088 3274 boves
2126 3219 2484 3273 mactabuntur
2504 3262 2516 3278 .
2558 3219 2637 3274 vel
2662 3221 2833 3274 omnia
2866 3220 3035 3275 edulia
3073 3225 3228 3276 maris
3257 3242 3533 3296 congrega-

1942 3311 2128 3365 buntur
2153 3318 2200 3364 et
2240 3310 2485 3380 sufﬁcient
2506 3311 2630 3380 ipsis
2652 3309 2837 3384 [Num.
2869 3310 2956 3366 il.
2986 3313 3078 3367 2|.
3107 3313 3236 3386 92]?
3266 3327 3316 3369 et
3351 3327 3536 3384 postea

1942 3402 2135 3457 iterum
2163 3401 2432 3490 difficilem
2465 3417 2522 3456 se
2557 3403 2825 3466 reddidit,
2859 3412 2913 3457 ct
2941 3406 3120 3474 populi
3162 3406 3531 3476 prmfecturam

1940 3492 2291 3564 detrectabat)
2326 3511 2339 3547 :
2371 3502 2602 3547 attamen
2647 3493 2778 3547 nihil
2801 3494 2940 3548 aliud
2985 3497 3153 3563 potuit
3195 3497 3366 3566 ipsum
3413 3515 3536 3567 pro-

1942 3583 2130 3652 positis
2155 3585 2391 3652 praemiis
2418 3584 2647 3653 privare,
2681 3600 2838 3652 quam
2872 3585 3001 3640 illud
3027 3588 3198 3641 solum
3223 3589 3364 3658 quod
3390 3592 3531 3660 apud

1942 3690 2132 3744 aquam
2156 3675 2394 3746 contigit.
2421 3675 2560 3746 quod
2590 3685 2779 3730 natura
2806 3676 3019 3745 quidem
3051 3679 3230 3733 minus
3252 3680 3369 3735 aliis
3396 3691 3532 3746 erat,

1942 3765 2036 3821 sed
2057 3766 2178 3834 quia
2203 3781 2323 3821 cum
2345 3765 2541 3820 damno
2568 3766 2790 3820 aliorum
2817 3766 3010 3832 fiebat,
3042 3770 3209 3824 multo
3241 3772 3412 3840 majus
3441 3773 3534 3842 ju-

1941 3857 2173 3912 dicatum
2200 3867 2300 3912 est.
2329 3856 2418 3911 illa
2442 3857 2582 3910 enim
2612 3857 2855 3926 privatim
2888 3867 2941 3911 et
2969 3860 3174 3914 occulte
3201 3862 3533 3928 accidebant,

1943 3947 2045 4002 hoc
2090 3957 2266 4002 autem
2312 3945 2592 4001 manifeste
2631 3957 2906 4003 etcoram
2943 3949 3086 4002 omni
3139 3951 3334 4019 populo
3361 3953 3532 4022 palam

1943 4046 2219 4106 peccatum
2249 4044 2345 4092 est.
2396 4036 2682 4106 Propterea
2711 4046 2760 4091 et
2799 4038 3198 4106 reprehendens
3228 4041 3365 4096 Deus
3386 4084 3400 4109 ,
3435 4046 3536 4098 hoc

1945 4129 2247 4184 insinuabat
2291 4128 2473 4183 dicens
2506 4147 2519 4183 :
2556 4129 2687 4193 Quia
2719 4146 2817 4182 non
2858 4131 3213 4198 sanctiﬁcastis
3251 4151 3330 4187 me
3363 4152 3534 4188 coram

1948 4224 2068 4292 ﬁliis
2097 4221 2284 4284 Israel,
2306 4222 2507 4290 peccati
2533 4237 2720 4276 eorum
2750 4231 2992 4276 naturam
3016 4225 3290 4294 detegens,
3322 4239 3374 4280 et
3398 4230 3537 4283 unde

1951 4316 2140 4369 factum
2166 4356 2180 4378 ,
2229 4313 2370 4381 quod
2401 4313 2612 4368 veniam
2654 4329 2759 4366 non
2798 4324 3101 4388 mereatur,
3145 4316 3442 4371 declarans.
3480 4319 3534 4373 Si

1945 4420 2124 4462 autem
2149 4406 2307 4461 talem
2340 4392 2646 4479 virumshoe
2672 4405 2792 4459 fecit
2822 4404 3116 4474 impingere
3139 4448 3153 4472 ,
3198 4423 3296 4460 nos
3337 4409 3538 4462 vermi—

1945 4501 2095 4554 culos
2125 4507 2179 4552 et
2208 4498 2402 4551 nullius
2431 4496 2577 4565 pensi
2611 4495 2880 4564 quomodo
2922 4513 3025 4548 non
3055 4496 3294 4551 chIruet
3332 4507 3387 4552 et
3412 4516 3538 4568 per-

1946 4591 2079 4667 det?
2108 4589 2247 4644 Nihil
2284 4588 2423 4641 cnim
2458 4588 2526 4640 ita
2553 4587 2838 4641 exacerbat
2870 4587 3034 4639 Detnn
3058 4629 3070 4649 ,
3106 4595 3163 4640 ut
3201 4590 3414 4656 quando
3446 4607 3542 4645 no-

1948 4698 2069 4736 men
2097 4681 2212 4750 cjus
2257 4677 2676 4748 blasphematur.
2728 4675 2878 4732 Unde
2922 4693 3134 4732 sursum
3177 4694 3238 4732 ac
3286 4680 3537 4736 deorsum

1947 4773 2084 4842 apud
2136 4772 2350 4828 Iudaeos
2396 4771 2497 4824 hoc
2542 4770 2746 4837 jactat,
2791 4785 2889 4823 eos
2929 4770 3356 4839 reprehendens,
3408 4775 3542 4841 Quia

1949 4858 2126 4921 nomen
2154 4882 2318 4918 meum
2342 4868 2645 4935 profanatur
2672 4861 2822 4932 (Isai.
2841 4863 2930 4918 48.
2954 4864 3041 4931 Η)
3072 4882 3087 4919 :
3119 4874 3172 4919 et
3195 4866 3407 4933 iterum,
3441 4869 3540 4924 Vos

1949 4959 2235 5030 profanatis
2263 4958 2432 5026 ipsum
2459 4954 2614 5024 (Mal.
2645 4957 2694 5008 l.
2723 4955 2810 5024 12)
2843 4971 2856 5009 :
2889 4965 2939 5010 et
2958 4997 2971 5019 ,
3003 4955 3222 5024 Propter
3246 4975 3330 5012 vos
3358 4977 3540 5015 nomen

1948 5069 2112 5105 meum
2153 5049 2533 5120 blasphematur
2557 5049 2608 5101 in
2636 5047 2865 5117 gentibus
2893 5046 3042 5118 (Isai.
3069 5049 3157 5102 52.
3193 5052 3269 5120 5).
3309 5052 3372 5105 Et
3399 5061 3540 5108 tanta

1951 5143 2048 5212 ipsi
2094 5140 2192 5194 fuit
2232 5155 2357 5194 cura
2390 5154 2459 5193 ne
2491 5140 2589 5192 hoc
2615 5139 2889 5202 eveniret,
2939 5148 2994 5192 ut
3033 5148 3088 5193 et
3127 5140 3368 5210 indignos
3400 5159 3542 5210 saepe

1950 5232 2202 5296 salvarit,
2247 5246 2314 5284 ne
2358 5229 2460 5283 hoc
2499 5230 2673 5284 lieret.
2716 5229 2841 5282 Feci
2882 5229 3059 5292 enim,
3106 5231 3212 5296 ait,
3257 5249 3323 5287 ne
3363 5251 3544 5289 nomen

1955 5339 2118 5376 meum
2151 5321 2448 5390 profanetur
2477 5335 2495 5373 :
2521 5327 2609 5384 et,
2644 5317 2759 5372 Non
2787 5328 2992 5389 prapter
3023 5335 3109 5373 vos
3142 5337 3232 5391 sgo
3259 5322 3392 5391 facio
3413 5365 3427 5388 ,
3454 5325 3546 5377 do-

1950 5431 2060 5468 mus
2088 5412 2269 5472 Israel,
2299 5412 2387 5465 sed
2417 5421 2470 5464 ut
2495 5428 2676 5465 nomen
2694 5428 2858 5465 meum
2885 5427 2988 5463 non
3006 5416 3303 5482 profanetur
3330 5416 3543 5480 (Ifzeclt.

1949 5503 2038 5558 20.
2069 5502 2122 5556 9.
2150 5511 2195 5556 et
2219 5502 2307 5557 '56.
2330 5501 2447 5571 29.).
2483 5501 2676 5556 Paulus
2703 5517 2833 5555 vero
2869 5503 3151 5558 anathema
3181 5519 3300 5558 esse
3328 5506 3546 5574 optabat

1952 5607 2048 5662 pro
2087 5591 2252 5662 gloria
2300 5593 2392 5648 Dei
2427 5610 2438 5644 :
2472 5602 2525 5646 et
2566 5593 2680 5662 ipse
2717 5592 2888 5648 Moses
2934 5611 3144 5664 quoque
3171 5611 3200 5649 c
3238 5596 3374 5651 libro
3417 5599 3538 5653 vitie

1950 5685 2116 5740 deleri
2151 5683 2337 5737 orabat
2382 5699 2476 5753 pro
2500 5683 2665 5753 gloria
2696 5684 2927 5740 nominis
2950 5686 3039 5741 Dci
3069 5704 3083 5740 :
3114 5703 3206 5741 vos
3233 5697 3408 5743 autem
3437 5706 3543 5746 non

1953 5775 2125 5832 solum
2155 5773 2282 5830 nihil
2317 5775 2420 5847 pati
2440 5774 2616 5844 vultis,
2643 5783 2700 5830 ut
2721 5773 2858 5831 hanc
2880 5777 3106 5833 arceatis
3133 5776 3545 5848 blasphemiam,
