4264 6312
723 377 825 431 507

725 490 819 545 sed
850 488 1011 545 etiam
1039 481 1218 538 omnia
1262 478 1462 542 facitis,
1507 492 1600 545 per
1638 488 1755 543 quae
1786 472 1925 525 illam
1951 466 2219 536 augeatis,
2249 470 2304 516 ct

725 578 962 651 quotidie
1001 572 1304 629 intendatis.
1345 569 1474 638 Quis
1504 567 1661 637 igitur
1706 578 1800 618 vos
1833 556 2150 617 excusabit?
2187 554 2304 625 quis

726 670 876 723 vobis
916 663 1193 736 ignoscet?
1230 661 1417 717 Nullus
1446 666 1545 712 est.
1591 655 1812 711 Tantam
1844 662 2019 705 autem
2046 662 2226 702 curam
2253 656 2307 700 et

726 761 864 813 Deus
898 766 954 811 et
980 753 1149 809 sancti
1188 759 1405 820 gerunt,
1442 756 1501 801 ut
1542 761 1646 799 non
1684 741 2082 811 blasphemetur
2112 750 2304 791 nomen

724 850 860 917 ejus,
883 861 989 901 non
1016 843 1155 914 quod
1182 843 1322 896 Deus
1346 854 1479 908 opus
1504 837 1697 890 habeat
1724 845 1779 888 ut
1803 849 1831 886 a
1864 831 2015 898 nobis
2044 829 2310 900 glorifice-

724 952 812 996 tur
842 938 1059 1010 (nullius
1081 936 1222 990 cnim
1260 934 1459 1002 indiget
1488 940 1538 986 et
1569 928 1836 1000 perfectus
1863 926 1998 994 est),
2034 923 2126 978 sed
2162 920 2304 990 quod

722 1046 788 1085 rx
820 1045 882 1085 ea
911 1044 969 1083 re
995 1025 1218 1081 multum
1248 1022 1428 1077 damni
1465 1018 1766 1074 hominibus
1804 1015 2030 1069 accidat.
2082 1010 2303 1080 Quand:

634 1174 637 1175 ν
726 1120 866 1174 enim
894 1115 1032 1187 apud
1060 1116 1202 1183 ipsos
1233 1112 1370 1166 male
1397 1110 1538 1163 audit
1570 1123 1763 1162 nomen
1792 1106 1881 1159 Dei
1912 1116 1965 1159 et
1985 1104 2151 1172 gloria
2173 1102 2308 1170 ejus,

727 1208 860 1263 nihil
888 1207 1014 1276 ipsis
1039 1206 1178 1260 ultra
1202 1202 1414 1275 prodest
1435 1218 1446 1253 :
1466 1199 1608 1268 quod
1637 1199 1681 1253 si
1707 1198 1842 1251 Deus
1859 1210 1980 1250 cum
2007 1202 2312 1258 accusatur,

732 1302 858 1355 nihil
895 1300 1130 1369 prodest,
1165 1296 1329 1350 multo
1360 1292 1528 1362 magis
1551 1306 1670 1346 nos.

798 1392 851 1448 9.
881 1391 1070 1446 Omnia
1102 1388 1257 1458 igitur
1296 1384 1551 1439 faciamus
1576 1392 1632 1437 ut
1663 1380 1803 1434 nulla
1828 1378 1897 1433 sit
1924 1376 2133 1432 occasio
2162 1388 2317 1429 scan-

728 1486 871 1548 dali;
903 1484 1063 1536 etiam
1091 1480 1137 1534 si
1168 1478 1363 1547 injuste
1410 1472 1805 1544 reprehendant
1832 1513 1846 1535 ,
1877 1467 2316 1539 persuasionibus

730 1575 997 1628 diluamus
1024 1570 1243 1625 crimina
1270 1610 1283 1631 ,
1314 1578 1368 1622 et
1403 1567 1671 1620 imitemur
1701 1571 1915 1615 sanctos
1942 1600 1956 1623 ,
1980 1558 2173 1628 quibus
2202 1566 2317 1610 tan-

736 1675 844 1716 tum
877 1662 973 1716 fuit
1014 1660 1244 1715 studium
1281 1657 1460 1728 gloriae
1498 1654 1627 1717 Dei,
1659 1661 1715 1706 ut
1740 1665 1893 1705 suum
1918 1654 2320 1703 contemnerent

737 1764 954 1824 prepter
993 1753 1181 1805 Deum.
1230 1747 1309 1802 Ne
1353 1745 1574 1813 abjectis
1616 1742 1864 1795 omnibus
1909 1748 1962 1793 et
1997 1736 2320 1791 conculcatis

735 1843 983 1898 sufficere
1020 1839 1341 1893 arbitremur
1370 1836 1436 1890 ad
1481 1832 1881 1895 defensionem,
1917 1830 1959 1882 si
1990 1828 2315 1882 dixerimus:

736 1936 950 1991 Vestem
978 1933 1205 1987 emimus
1221 1929 1409 2000 virgini
1436 1937 1487 1983 et
1507 1928 1736 1992 calceos,
1766 1934 1819 1980 et
1847 1924 1948 1977 alia
1973 1938 2090 1992 qua:
2114 1921 2178 1974 ad
2199 1937 2317 1975 cor-

738 2027 918 2095 porale
931 2025 1148 2094 virginis
1170 2020 1506 2076 commodum
1529 2019 1757 2072 attinent
1784 2016 1922 2071 bene
1940 2014 2318 2082 disposuimus.

737 2117 897 2184 Quis,
923 2116 1032 2178 ait,
1065 2113 1464 2167 administraret
1488 2125 1550 2164 ea
1578 2124 1694 2178 quae
1735 2106 1878 2160 domi
1919 2103 2158 2159 postne?
2205 2102 2323 2171 quis

740 2204 1169 2275 possessionibus
1194 2199 1558 2271 proSpiceret?
1601 2198 1718 2267 quis
1745 2203 1999 2265 prmesset
2021 2193 2199 2246 domui
2230 2210 2325 2246 nu-

740 2296 821 2351 bis
840 2295 1147 2349 absentibus
1174 2333 1187 2357 ,
1215 2301 1263 2347 et
1296 2306 1415 2345 cum
1445 2292 1584 2343 intus
1612 2304 1715 2341 non
1744 2286 1814 2340 sit
1841 2285 2075 2339 mulier?
2106 2285 2235 2338 Nam
2268 2293 2322 2337 ct

741 2387 854 2439 haec
893 2384 1078 2438 dicunt
1122 2382 1387 2451 prioribus
1413 2380 1677 2434 contraria
1708 2385 1761 2431 et
1800 2376 2056 2444 turpiora.
2102 2375 2165 2428 Et
2195 2374 2325 2427 nihil

739 2485 925 2528 curant
948 2474 1067 2535 ista,
1096 2486 1267 2541 neque
1296 2471 1635 2535 erubescunt,
1660 2467 1813 2522 sicuti
1840 2466 1977 2521 ebrii
2007 2482 2165 2519 omne
2187 2464 2329 2535 quod

742 2567 792 2618 in
840 2564 1058 2618 buccam
1102 2563 1246 2617 venit
1292 2562 1569 2628 loquentes
1607 2576 1619 2609 :
1651 2566 1976 2626 quapropter
2014 2571 2187 2624 neque
2231 2570 2328 2609 nos

739 2653 1168 2724 defatigabimur,
1201 2652 1407 2706 etiamsi
1437 2650 1561 2703 talia
1591 2650 1696 2702 sint
1722 2664 1841 2717 quze
1868 2647 1933 2701 ab
1967 2647 2030 2700 iis
2055 2647 2323 2710 dicuntur,

743 2758 801 2802 ut
848 2748 1049 2801 nullum
1095 2759 1411 2815 responsum
1458 2752 1777 2796 mereantur.
1810 2740 1925 2794 Non
1969 2734 2329 2807 gravabiimir,

744 2840 957 2907 inquam
983 2877 998 2901 ,
1034 2845 1089 2890 et
1122 2833 1475 2904 respondere,
1514 2842 1567 2885 et
1593 2840 1869 2884 mansuete
1898 2844 2018 2882 cum
2046 2828 2122 2881 eis
2149 2842 2327 2896 agere,

747 2930 918 2982 donec
945 2929 1012 2981 ab
1037 2927 1133 2980 hac
1162 2926 1423 2980 ebrietate
1450 2925 1569 2978 illos
1601 2923 1905 2982 liberemus,
1940 2929 2191 2989 quantum
2221 2920 2329 2972 sci-

746 3024 868 3076 licet
908 3022 959 3073 in
996 3018 1148 3073 nobis
1176 3018 1298 3071 erit.
1352 3015 1434 3069 Me
1465 3014 1621 3084 pudet
1648 3014 1789 3067 enim
1822 3021 1876 3065 et
1900 3011 2178 3074 erubesco,
2209 3024 2328 3062 cum

749 3113 863 3165 haec
891 3121 1134 3165 evertere
1166 3115 1333 3173 tento,
1357 3122 1475 3176 quzc
1502 3103 1930 3159 eetttradicentes
1960 3102 2033 3155 illi
2061 3114 2332 3169 opponere

746 3217 851 3255 non
877 3201 1239 3255 erubescunt:
1273 3195 1487 3251 ferenda
1513 3206 1685 3249 tamen
1719 3178 1935 3246 omnino
1964 3190 2332 3245 erubescentia

746 3290 809 3345 ad
842 3290 1119 3343 utilitatem
1147 3303 1331 3342 eorum
1360 3286 1448 3355 qui
1480 3285 1795 3338 erubescere
1827 3282 2088 3335 nesciunt.
2123 3280 2335 3333 Etenim

747 3381 1034 3451 absurdum
1062 3378 1236 3441 fuerit,
1271 3377 1395 3430 dum
1419 3374 1783 3442 redarguimus
1812 3387 1902 3426 eos
1929 3373 2014 3441 qui
2040 3386 2134 3440 pro
2167 3371 2334 3424 nihilo

752 3471 967 3536 habent,
1001 3468 1141 3537 quod
1172 3466 1419 3520 fratribus
1446 3462 1763 3518 oﬂ'endiculo
1786 3462 1910 3527 sint,
1936 3461 2150 3529 pudoris
2172 3475 2330 3515 causa

751 3563 961 3614 illorum
992 3574 1173 3612 curam
1205 3556 1456 3626 abjicere.
1498 3556 1591 3609 Dic
1618 3554 1758 3607 enim
1796 3554 1926 3606 mihi
1971 3568 2211 3622 quaenam
2244 3553 2331 3605 illa

752 3654 934 3706 dicunt
973 3649 1114 3703 domi
1161 3648 1226 3702 ad
1253 3663 1434 3703 curam
1468 3645 1685 3715 virginis
1716 3655 1819 3696 tam
1852 3643 2147 3696 necessaria
2177 3641 2333 3695 esse?

755 3743 1168 3796 barbararumne
1198 3739 1490 3808 puellarum
1530 3737 1621 3788 tibi
1652 3735 1893 3798 examina
1934 3744 2055 3787 sunt
2087 3744 2139 3787 ct
2169 3748 2338 3801 nuper

752 3846 950 3903 empta,
976 3849 1097 3901 quae
1121 3840 1329 3901 oportet
1358 3830 1565 3884 erudire
1591 3838 1644 3883 et
1669 3828 1732 3882 ad
1755 3827 2038 3881 lanificium
2069 3835 2121 3881 et
2141 3825 2207 3879 ad
2233 3825 2335 3877 alia

756 3925 1051 3978 ministeria
1074 3923 1095 3974 ?
1118 3925 1188 3975 At
1215 3922 1466 3990 penuaria
1495 3918 1686 3971 adsunt
1717 3933 1875 3986 opum
1904 3927 1957 3971 ct
1982 3916 2207 3971 vestium
2236 3959 2249 3983 ,
2283 3925 2338 3970 et

748 4025 955 4084 oportet
986 4013 1260 4067 custodem
1306 4014 1446 4065 intus
1471 4025 1684 4077 semper
1712 4009 1899 4062 sedere
1920 4050 1932 4071 ,
1964 4020 2016 4061 et
2043 4024 2071 4061 a
2112 4008 2339 4061 famulo-

753 4122 869 4159 rum
899 4104 1093 4158 malitia
1122 4102 1336 4171 \irginis
1363 4101 1548 4155 oculos
1574 4116 1635 4153 ea
1660 4108 1859 4163 tutare;
1891 4114 2095 4152 cmnam
2128 4113 2336 4168 quoque

753 4204 807 4248 ct
852 4194 1092 4247 convivia
1133 4193 1384 4245 continue
1430 4204 1724 4258 apparare,
1770 4197 1823 4241 et
1865 4198 2077 4256 oportet
2117 4188 2334 4240 domum

753 4286 930 4339 Ornari
959 4325 972 4349 ,
1020 4293 1072 4338 et
1102 4297 1302 4351 coquos
1330 4291 1383 4335 et
1410 4295 1609 4333 mensze
1637 4279 1907 4331 ministros
1931 4294 2056 4331 cura
2088 4278 2196 4347 regi
2228 4280 2336 4331 vir-

752 4375 925 4444 ginis?
954 4382 1145 4426 suutne
1173 4375 1297 4425 ite‘m
1325 4370 1473 4424 mttlti
1505 4370 1633 4422 varii
1660 4378 1901 4437 sumptus
1932 4380 1982 4421 et
2007 4368 2332 4436 frequentes,

754 4475 808 4521 et
836 4474 1043 4534 oportet
1082 4464 1312 4532 aliquem
1355 4477 1565 4529 semper
1594 4474 1713 4513 esse
1758 4457 2066 4526 pra-fectu":
2090 4499 2105 4523 ,
2154 4468 2210 4511 ut
2241 4474 2337 4511 cu-

753 4557 1050 4610 stodiantur
1075 4571 1194 4607 cum
1218 4553 1486 4621 diligentia
1514 4592 1530 4616 ,
1563 4562 1619 4604 ut
1646 4566 1711 4603 ne
1740 4551 1822 4602 illa
1850 4566 1876 4601 a
1904 4550 2064 4603 domo
2096 4549 2210 4601 sine
2238 4548 2340 4601 uti-

754 4650 899 4702 litate
928 4645 1243 4701 elabantur?
1287 4644 1427 4697 Nihil
1461 4643 1647 4695 horum
1674 4644 1782 4705 ait;
1817 4641 1909 4695 sed
1948 4651 2002 4694 ut
2032 4641 2128 4710 ipsi
2160 4655 2339 4693 arcam

751 4752 804 4794 et
850 4751 1052 4794 vestem
1098 4748 1151 4791 et
1193 4738 1347 4789 aliam
1399 4745 1548 4789 curet
1593 4734 1982 4795 facultatulam,
2030 4732 2163 4786 bene
2192 4740 2340 4801 paret

755 4844 989 4883 mensam
1014 4867 1029 4893 ,
1080 4827 1215 4881 bene
1256 4833 1458 4879 sternat
1501 4824 1692 4877 lectum
1715 4864 1727 4885 ,
1761 4833 1814 4875 et
1855 4820 2109 4876 accendat
2140 4821 2335 4890 ignem,

752 4930 804 4973 et
833 4918 1009 4971 abluat
1055 4916 1254 4986 pedes,
1300 4925 1354 4968 et
1400 4912 1543 4967 aliud
1592 4913 1837 4965 solatium
1880 4927 2039 4965 onme
2079 4912 2331 4981 praebeat.

758 5008 958 5063 Deinde
1002 5022 1096 5075 pro
1126 5020 1282 5074 parva
1308 5014 1360 5059 et
1390 5003 1577 5073 frigida
1607 5002 1985 5057 commoditate
2015 5001 2114 5055 hac
2141 5010 2337 5054 lautam

752 5102 983 5154 feremus
1002 5097 1413 5160 accusationem,
1444 5102 1583 5147 tanta
1612 5094 1991 5147 sustinebimus
2012 5090 2339 5161 approbria?

755 5189 815 5241 lit
862 5196 1059 5256 quanto
1106 5186 1297 5237 melius
1342 5184 1503 5237 frater
1552 5191 1605 5236 et
1650 5183 1854 5235 facilius
1902 5180 2339 5233 administraret?

752 5292 942 5332 natura
970 5277 1108 5329 enim
1140 5275 1325 5329 [οι-εἱσι·
1348 5284 1429 5327 est
1453 5272 1677 5327 muliere
1700 5271 1779 5323 vir
1804 5312 1817 5335 ,
1852 5286 1946 5323 usu
1975 5281 2153 5323 autem
2187 5270 2337 5322 nobis

753 5366 1222 5426 accommodatior.
1244 5374 1415 5419 etnon
1441 5372 1544 5417 t-am
1560 5372 1920 5429 sumptuosus.
1942 5361 2127 5414 Mulier
2148 5361 2340 5429 quippe

756 5470 937 5530 utpote
963 5459 1211 5523 tenerior,
1230 5457 1546 5511 etmolliore
1573 5455 1771 5522 indiget
1789 5454 2000 5515 lectulo,
2028 5460 2080 5506 et
2104 5453 2341 5506 tenuiore

759 5554 982 5616 vestitu,
1029 5558 1085 5605 et
1125 5550 1363 5603 fortassis
1393 5548 1564 5616 puclla
1608 5546 1773 5598 altera
1805 5559 1921 5611 quae
1948 5544 1994 5596 ei
2041 5542 2337 5605 ministret;

756 5654 809 5697 et
851 5658 957 5697 non
1004 5650 1206 5695 tantum
1250 5639 1404 5694 nobis
1432 5637 1782 5691 ministerium
1816 5634 2073 5703 prrcbehit
2098 5674 2111 5700 ,
2141 5639 2341 5702 quanto

755 5736 853 5805 ipsi
878 5749 1009 5808 opus
1037 5734 1136 5789 erit
1163 5748 1191 5786 a
1219 5732 1369 5788 nobis
1406 5749 1416 5783 :
1441 5729 1605 5786 frater
1641 5738 1814 5785 autem
1848 5726 1929 5782 his
1957 5724 2203 5781 omnibus
2230 5739 2335 5780 non

1434 365 1490 419 S.
1529 358 1807 418 JOANNIS
1842 347 2317 413 CHRYSOSTOMI
2357 342 2674 399 ARClllfSP.
2716 339 3255 397 CONSTANTINOP.

3898 338 4001 390 Ξ(ἶῆ

2411 468 2550 528 eget.
2579 455 2733 524 Quod
2759 456 2803 510 si
2834 454 3011 525 aliquo
3041 464 3199 524 eget,
3231 452 3418 508 eodem
3450 463 3505 507 et
3535 466 3630 506 nos
3667 451 3993 520 indigemus,

2410 550 2557 621 quod
2594 565 2697 603 non
2722 564 2901 620 parva:
2927 544 3323 603 commoditatis
3344 554 3458 609 est,
3505 544 3547 598 si
3588 541 4013 597 contubernales

2411 639 2700 694 non-variis
2724 678 2739 702 ,
2772 637 2864 692 sed
2887 636 3073 691 iisdem
3110 644 3327 689 utantur
3357 651 3371 686 :
3396 634 3445 687 id
3476 632 3617 704 quod
3645 642 3794 687 certe
3821 632 3874 685 in
3901 632 4011 684 vir-

2414 731 2535 799 gine
2575 745 2680 782 non
2723 738 2823 782 est.
2883 727 3118 780 Primum
3163 741 3293 780 sane
3331 726 3443 779 sive
3486 724 3646 778 levari
3685 723 3852 786 velit,
3895 722 4015 777 sive

2415 834 2644 888 corpore
2676 834 2814 888 (egra
2840 818 2941 881 sit,
2971 831 3141 885 neque
3168 815 3332 869 fratcr
3358 816 3454 884 ipsi
3483 814 3548 867 ad
3584 814 3700 869 haec
3719 813 4011 867 ministra-

2416 912 2494 966 bit
2514 953 2526 974 ,
2579 912 2786 963 tametsi
2819 909 2970 964 valde
3002 907 3281 978 impudens
3311 909 3379 962 sit
3399 947 3412 968 ,
3442 922 3610 976 neque
3640 907 3753 975 ipsa
3780 906 3879 960 sibi
3902 902 4018 958 suf-

2417 1002 2603 1057 ficiens
2640 1002 2739 1055 erit
2769 1018 2782 1050 :
2812 1000 2855 1053 si
2901 1008 3077 1052 autem
3126 998 3319 1051 fratres
3369 1007 3492 1050 sunt
3539 997 3630 1066 qui
3674 996 4013 1060 cohabitant,

2416 1091 2652 1145 vicissim
2696 1084 2999 1143 ministrare
3045 1097 3313 1157 poterunt.
3359 1087 3486 1141 Item
3529 1086 3741 1155 quando
3771 1085 4019 1141 dormire

2419 1198 2554 1251 epus
2591 1182 2783 1247 fuerit,
2817 1181 3024 1249 virgine
3050 1179 3266 1248 quidem
3297 1179 3440 1232 intus
3475 1178 3730 1241 sedente,
3765 1188 3817 1232 et
3846 1177 4021 1231 lectos

2420 1273 2555 1327 duos
2579 1289 2696 1328 esse
2719 1280 2965 1341 Oportet,
2994 1282 3048 1325 et
3086 1281 3251 1324 strata
3276 1270 3382 1324 duo
3402 1313 3419 1336 ,
3459 1280 3510 1323 et
3540 1271 3736 1323 lodices
3762 1269 3897 1323 duos
3924 1288 3936 1321 :
3972 1269 4019 1323 si

2423 1375 2600 1418 autem
2642 1365 2883 1432 sapiant,
2927 1372 2982 1417 et
3011 1362 3280 1416 domicilia
3309 1361 3436 1414 duo.
3471 1362 3539 1414 At
3579 1360 3623 1414 si
3664 1360 3856 1414 fratres
3884 1361 4017 1423 sint,

2421 1452 2613 1507 iterum
2640 1469 2697 1506 re
2725 1453 2969 1507 familiari
2994 1461 3133 1505 tanta
3164 1468 3267 1505 non
3295 1460 3375 1505 est
3401 1468 3554 1520 opus.
3584 1450 3793 1505 Etenim
3822 1451 4022 1505 domus

2424 1559 2548 1607 una,
2583 1544 2808 1597 cervical
2842 1558 3026 1608 unum,
3045 1551 3098 1596 et
3123 1542 3292 1596 lectus
3320 1556 3475 1604 unus,
3495 1551 3549 1595 et
3570 1542 3758 1596 eadem
3784 1543 4021 1610 tegmina

2424 1636 2665 1703 utrisque
2694 1632 2993 1697 sufficiunt;
3039 1644 3092 1687 et
3119 1634 3170 1686 in
3201 1648 3407 1687 summa
3432 1675 3446 1697 ,
3494 1633 3539 1687 si
3565 1634 3685 1702 quis
3711 1648 3872 1687 onme
3899 1648 4026 1701 per-

2424 1734 2607 1779 currat
2632 1725 3004 1788 ministerium,
3040 1724 3125 1778 hic
3156 1724 3375 1777 multam
3409 1723 3642 1778 inveniet
3688 1722 4023 1787 facilitatem,

2426 1818 2495 1872 ibi
2537 1826 2721 1877 autem,
2756 1816 3147 1871 difficultatem.
3176 1815 3349 1869 Taceo
3379 1816 3570 1869 domus
3608 1815 4023 1886 turpitudinem.

2427 1905 2591 1973 Quale
2618 1906 2758 1959 enim
2787 1915 2887 1970 est,
2919 1906 2963 1960 si
2993 1905 3043 1957 in
3072 1904 3289 1957 domum
3309 1905 3403 1958 viri
3420 1905 3641 1958 solitarii
3672 1905 3799 1971 itur,
3834 1904 4029 1962 videre

2426 2000 2635 2052 calceos
2687 1998 2974 2051 muliebres
3021 2011 3345 2066 suspensos,
3378 2008 3429 2051 ct
3474 1998 3686 2068 cingula
3716 2008 3770 2052 et
3810 2000 4027 2064 mitras,

2427 2089 2746 2143 calathiscos
2772 2099 2822 2143 et
2848 2088 3022 2142 colmn
3062 2098 3115 2142 et
3159 2088 3363 2143 radium
3396 2090 3676 2143 textorium
3701 2098 3755 2143 ct
3784 2090 4027 2159 pectines

2429 2188 2482 2233 ct
2511 2181 2645 2244 fusa,
2674 2189 2728 2233 et
2750 2181 2850 2234 alia
2877 2194 2995 2249 quae
3017 2175 3370 2249 particulatim
3393 2181 3568 2234 omnia
3597 2196 3881 2235 numerare
3906 2197 4021 2235 non

2431 2272 2589 2325 licet?
2628 2271 2683 2325 Si
2711 2281 2885 2324 autem
2915 2285 3034 2340 qua:
3062 2270 3239 2324 divitis
3270 2278 3393 2324 sunt
3422 2271 3712 2334 scruteris,
3745 2270 3918 2340 major
3939 2280 4031 2326 est

2432 2363 2569 2414 risus
2610 2360 2855 2414 materia.
2899 2360 3138 2414 Primum
3175 2360 3390 2430 quidem
3436 2360 3489 2413 in
3532 2358 3826 2428 puellarum
3872 2369 4027 2414 tanta

2433 2452 2585 2504 turba
2614 2450 2758 2504 solus
2798 2460 3081 2515 versatur,
3133 2451 3283 2519 quasi
3327 2448 3612 2503 choraules
3652 2449 3703 2503 in
3745 2448 4027 2503 orchestra

2430 2540 2522 2610 qui
2568 2540 2618 2593 in
2661 2540 2829 2594 choro
2878 2540 3159 2593 mulierum
3219 2540 3528 2593 saltantium
3584 2540 3819 2593 concinit
3859 2556 3874 2594 :
3915 2554 4031 2609 quo

2431 2633 2556 2701 quid
2587 2632 2790 2699 turpius
2816 2642 2870 2686 et
2898 2630 3275 2684 inhonestins?
3312 2630 3513 2684 Deinde
3539 2629 3889 2698 disrumpitur
3914 2639 4029 2683 tota

2433 2721 2519 2776 die
2546 2721 2751 2774 famulis
2777 2736 3098 2791 succensens
3128 2722 3197 2775 ob
3225 2736 3310 2773 res
3342 2736 3463 2788 qua:
3489 2720 3554 2773 ad
3598 2721 3877 2774 mulierem
3902 2736 4033 2789 spe-

2434 2820 2597 2866 ctant.
2630 2812 2761 2865 Nam
2788 2812 2835 2865 ei
2859 2812 3219 2867 necessarium
3252 2820 3334 2865 cst
3372 2821 3461 2865 aut
3487 2812 3706 2863 omnino
3735 2811 3895 2865 silere
3922 2852 3937 2875 ,
3971 2822 4032 2865 et

2434 2902 2611 2955 omnia
2638 2901 2993 2969 negligentem
3020 2900 3086 2953 ab
3114 2900 3199 2953 illa
3226 2900 3518 2969 increpari,
3560 2902 3641 2953 vel
3672 2900 3943 2954 dicentem
3973 2911 4033 2955 et

2435 2994 2797 3061 increpantem
2841 2993 3065 3062 turpiter
3108 3007 3266 3063 agere
3303 3010 3316 3046 :
3348 3000 3400 3045 et
3432 2992 3549 3046 vide
3580 2992 3702 3061 quid
3726 2978 4027 3061 contingat.

2436 3083 2567 3137 Nam
2596 3084 2683 3152 qui
2709 3084 2887 3151 jussus
2919 3093 3002 3137 est
3048 3097 3114 3137 ne
3168 3098 3332 3151 prope
3358 3083 3571 3150 quidem
3617 3083 3682 3135 ad
3714 3085 4031 3151 temporalia

2439 3177 2645 3245 negotia
2672 3174 2928 3230 accedere
2949 3215 2963 3238 ,
3001 3190 3105 3228 non
3137 3174 3310 3228 solum
3334 3174 3645 3242 temporalia
3668 3216 3681 3238 ,
3716 3175 3806 3227 sed
3840 3176 4035 3228 mulie-

2438 3266 2551 3321 bria
2595 3266 2856 3334 ipsissima
2891 3272 3099 3319 tractat.
3144 3264 3355 3319 Etenim
3378 3280 3501 3318 vasa
3532 3265 3806 3319 muliebria
3834 3264 4035 3321 afferre

2438 3372 2546 3411 non
2574 3354 2889 3410 detrectabit
2912 3355 3250 3422 argentariis,
3278 3354 3500 3408 subinde
3525 3370 3720 3425 rogans
3750 3372 3873 3408 num
3906 3371 4037 3424 spe-

2439 3447 2615 3499 culum
2648 3444 2877 3498 domina:
2909 3454 3261 3513 praeparatum
3305 3446 3400 3508 sit,
3449 3460 3577 3498 num
3623 3445 3812 3499 cadum
3843 3447 4032 3500 absol-

2438 3538 2651 3601 verint,
2710 3550 2835 3588 num
2896 3532 3165 3604 lecythum
3214 3533 3578 3598 reddiderint;
3631 3550 3754 3589 nam
3808 3536 3859 3589 in
3907 3551 4033 3592 eam

2440 3629 2836 3697 corruptionem
2868 3636 3125 3680 venerunt
3152 3626 3350 3690 omnia,
3372 3636 3427 3679 ut
3451 3626 3684 3695 pluribus
3703 3626 3842 3681 vasis
3868 3643 4031 3698 quam

2442 3718 2727 3773 saeculares
2766 3718 2947 3771 multa:
2981 3726 3195 3771 utantur
3222 3718 3475 3787 virgines.
3531 3717 3665 3772 llinc
3718 3720 3916 3773 iterum
3961 3721 4031 3774 ad

2438 3809 2852 3879 unguentarinm
2909 3810 3077 3862 currit
3121 3809 3521 3878 colloquuturns
3575 3809 3641 3863 de
3692 3811 4031 3865 aromatibus

2441 3901 2670 3956 dominae
2705 3915 2883 3968 :Stepe
2914 3901 3072 3953 etiam
3098 3916 3205 3969 pra:
3238 3901 3401 3953 nimio
3434 3900 3608 3952 studio
3633 3916 3731 3954 nec
3758 3901 4032 3955 detrecta-

2442 3992 2521 4046 bit
2546 3992 2590 4046 si
2621 4001 2674 4046 et
2704 4006 2902 4060 pauper
2929 3991 3117 4060 injuria
3144 3991 3212 4043 sit
3241 3990 3567 4044 afficiendus.
3597 3988 3824 4045 Utuntur
3850 4001 4034 4045 autem

2443 4084 2674 4152 virgines
2705 4084 2986 4151 unguentis
3028 4092 3079 4136 et
3109 4082 3271 4135 variis
3311 4092 3363 4134 et
3410 4082 3676 4150 pretiosis.
3734 4082 3936 4135 Deinde
3966 4083 4036 4136 ab

2446 4172 2794 4241 unguentaria
2832 4172 2898 4225 ad
2924 4171 3236 4224 vendentem
3284 4172 3444 4225 lintea
3468 4212 3484 4237 ,
3516 4180 3569 4224 et
3607 4172 3675 4224 ab
3713 4172 3803 4225 illo
3837 4173 4034 4225 iterum

2444 4263 2509 4315 ad
2537 4263 2825 4315 aulaeorum
2856 4270 3142 4315 textorcm.
3176 4261 3289 4314 Non
3317 4262 3459 4316 enim
3487 4273 3738 4316 verentur
3766 4264 4036 4331 imperare

2448 4355 2561 4406 iure
2600 4368 2782 4420 parva,
2812 4354 2931 4421 quia
2960 4352 3140 4405 vident
3167 4368 3260 4406 eos
3286 4353 3439 4405 valde
3469 4354 3797 4414 obedientes.
3830 4366 3883 4407 et
3911 4370 4037 4425 gra-

2450 4444 2571 4495 tiam
2602 4444 2856 4497 habentes
2886 4444 3267 4511 imperantibus
3290 4444 3564 4513 majorem,
3596 4461 3751 4514 quam
3781 4446 3900 4499 aliis
3931 4447 4035 4499 mi-

2448 4534 2815 4586 nistrantibus.
2867 4533 3000 4587 Hinc
3048 4534 3273 4598 iterum,
3322 4534 3607 4603 siquando
3634 4534 3832 4602 aliquid
3862 4551 4033 4603 appa-

2448 4623 2672 4677 randum
2730 4624 2870 4692 quod
2938 4622 3001 4676 ad
3057 4624 3406 4692 gestatorium
3473 4625 3876 4679 tabernaculum
3933 4628 4037 4682 hoc

2448 4719 2744 4787 pertineat,
2787 4734 2954 4788 usque
2983 4719 3049 4772 ad
3080 4736 3353 4790 vesperam
3387 4721 3639 4788 impransi
3691 4730 4038 4789 perseverant

2447 4812 2674 4864 officinis
2702 4810 2865 4862 afﬁxi.
2912 4810 2980 4864 Et
3011 4811 3140 4864 illud
3174 4828 3278 4865 non
3306 4820 3388 4866 est
3413 4812 3709 4865 mirandum
3730 4852 3742 4874 ,
3768 4811 3863 4865 sed
3890 4812 4035 4880 quod

2449 4913 2502 4956 et
2530 4903 2735 4957 miseris
2773 4902 2983 4955 famulis
3026 4903 3132 4956 sint
3159 4904 3395 4969 molesti,
3443 4914 3494 4958 et
3528 4902 4029 4971 frequenti-injuria

2448 5003 2500 5048 et
2524 4995 2899 5047 inclamatione
2927 4993 3024 5047 hos
3046 5004 3281 5064 urgeant.
3310 4995 3491 5065 Cogita
3522 5006 3733 5064 quantas
3761 4994 3887 5048 hinc
3904 5011 4037 5063 que-

2447 5084 2686 5137 rimonia:
2718 5101 2729 5135 :
2765 5084 3004 5138 minister
3034 5086 3172 5138 enim
3202 5086 3389 5154 injuria
3414 5086 3655 5151 affectus,
3688 5086 3918 5140 maxime
3941 5102 4037 5155 pro

2450 5177 2641 5229 talibus
2665 5177 2843 5239 rebus,
2870 5176 2991 5244 quia
3018 5192 3136 5230 eum
3168 5178 3256 5245 qui
3282 5193 3341 5231 se
3365 5179 3554 5244 injuria
3587 5177 3763 5232 affecit
3792 5195 3899 5233 non
3925 5180 4034 5232 alio

2450 5267 2607 5321 tnodo
2635 5266 2817 5320 ulcisci
2841 5275 3013 5334 potest
3032 5308 3047 5332 ,
3079 5267 3253 5336 lingua
3289 5268 3390 5321 hoc
3418 5268 3579 5332 facit,
3608 5278 3662 5321 et
3696 5269 3906 5321 occulta
3932 5270 4030 5323 ob—

2450 5360 2796 5423 trectatione;
2840 5374 2937 5413 nec
2983 5360 3153 5429 parcit
3198 5360 3350 5414 alicui
3385 5376 3605 5426 eorum,
3646 5360 3837 5429 quibus
3869 5362 4030 5414 furori

2449 5467 2546 5505 Suo
2567 5449 2874 5516 satisfaciat,
2904 5451 2996 5505 sed
3028 5459 3133 5504 tam
3156 5452 3751 5514 immodicc’ulciscitur,
3774 5463 4032 5520 quantum

2450 5540 2741 5595 verisimile
2770 5547 2853 5593 est
2881 5554 3092 5593 servum
3124 5540 3193 5592 ita
3234 5540 3607 5608 exprobratum
3631 5580 3645 5603 ,
3692 5550 3746 5593 et
3788 5542 3873 5595 cui
3921 5542 4035 5595 sola

2450 5631 2564 5685 haec
2594 5639 2676 5684 est
2705 5629 3001 5685 consolatio
3031 5645 3061 5684 e
3091 5630 3241 5685 malis
3270 5631 3382 5684 suis
3417 5630 3672 5695 adversus
3710 5646 3833 5684 eum
3859 5632 3949 5700 qui
3981 5646 4038 5686 se

2454 5719 2808 5777 eontristavit.
2857 5720 2926 5774 At
2954 5718 3043 5788 qui
3073 5719 3313 5790 pauperi,
3352 5720 3538 5787 inquit,
3572 5718 3882 5787 cohabitat,
3916 5735 4037 5774 cum
4098 5735 4106 5741 ·
