4264 6312
264 375 367 432 507

259 496 356 550 καὶ
393 495 690 551 ἐπιτείνετε
742 499 860 553 καθ’
904 502 1145 575 ἑκάστην
1192 504 1429 577 ἡμέραν.
1466 505 1561 569 Τίς
1588 500 1683 560 οῦν
1707 504 1855 576 ὑμᾶς

260 581 687 653 παραιτήσεται,
718 582 801 648 τίς
833 585 891 638 δὲ
910 585 1319 655 συγγνώσεται;
1347 580 1462 643 Οὖκ
1482 587 1629 642 ἐστιν
1655 587 1851 651 οὐδείς.

259 663 546 735 Τοσαύτην
571 665 628 719 δὲ
650 667 912 738 πρόνοιαν
934 669 1027 722 καί
1049 670 1077 722 ὁ
1093 670 1227 735 Θεὸς
1254 674 1488 725 ποιεῖται
1519 671 1613 726 καὶ
1634 671 1683 725 οἰ
1708 670 1857 740 ἀγιοι

257 745 356 800 τοῦ
390 746 466 819 μὴ
494 746 935 820 βλασφημεῖσθαι
966 752 1029 806 τὸ
1061 752 1235 825 όνομα
1280 753 1448 807 αὐτοῦ
1468 796 1483 821 ,
1527 754 1626 824 οὑχ
1652 753 1729 817 ὡς
1760 750 1855 805 τοῦ

261 829 398 884 Θεοῦ
431 831 689 902 δεομένου
739 834 838 903 τῆς
883 834 1041 906 δόξης
1066 836 1169 906 τῆς
1197 838 1330 909 παρ’
1372 837 1530 908 ἡμῶν
1579 835 1858 907 (ἀνενδεὴς

262 916 375 987 γάρ
408 916 529 969 ἐστι
559 916 652 970 καί
683 917 936 987 τέλειος),
976 919 1090 972 ἀλλ’
1117 920 1194 983 ὡς
1227 920 1431 991 πολλῆς
1458 920 1566 973 ἀπὸ
1591 918 1687 972 τοῦ
1718 920 1860 990 πρά-

262 1015 475 1068 γματος
502 1002 615 1062 τοῖς
645 1000 957 1072 ἀνθρώποις
976 1002 1278 1072 γενομένης
1293 1002 1392 1073 τῆς
1426 1002 1652 1073 βλάϐης.
1686 1002 1858 1056 Ὅταν

258 1081 373 1153 γάρ
408 1082 545 1154 πρὸς
565 1083 766 1146 αὐτοὺς
788 1084 1053 1155 διαϐληθῇ
1084 1084 1146 1137 τὸ
1180 1086 1274 1139 τοῦ
1311 1086 1448 1139 Θεοῦ
1479 1087 1651 1155 ὄνομα
1683 1086 1780 1138 καὶ
1816 1086 1852 1155 ἡ

260 1164 412 1229 δόξα,
465 1165 618 1219 οὐδὲν
651 1167 851 1230 αὑτοὺς
878 1167 1081 1236 ὠφελεῖ
1105 1168 1291 1223 λοιπόν
1312 1186 1326 1201 ·
1368 1172 1416 1222 εἰ
1444 1169 1502 1222 δέ
1527 1170 1556 1221 ό
1576 1169 1711 1233 Θεὸς
1741 1168 1858 1222 δια-

261 1247 594 1320 ϐαλλόμενος
622 1251 774 1303 οὑδέν
806 1250 1028 1320 ὠφελεῖ,
1061 1251 1241 1321 πολλῷ
1270 1251 1473 1323 μᾶλλον
1500 1253 1680 1322 ἡμεῖς.

335 1332 407 1386 θ’.
438 1333 622 1385 Πάντα
640 1328 735 1386 οῦν
761 1334 1115 1413 πράττωμεν,
1136 1335 1277 1389 ὥστε
1303 1335 1575 1406 μηδεμίαν
1603 1332 1859 1404 γενέσθαι

263 1414 541 1486 πρόφασιν
568 1416 867 1470 σκανδάλου
895 1435 908 1449 ·
940 1417 1078 1471 ἀλλά
1108 1419 1156 1471 εἰ
1184 1418 1278 1472 καὶ
1312 1419 1514 1483 ἀδίκως
1555 1417 1854 1487 ἐγκαλῶσι,

264 1498 563 1568 πείθωμεν,
599 1500 693 1553 καὶ
715 1500 1023 1570 διαλύωμεν
1054 1501 1125 1555 τά
1158 1501 1504 1572 ἐγκλήματα,
1541 1502 1636 1554 καὶ
1674 1499 1857 1571 μιμὼ-

267 1582 409 1653 μεθα
436 1583 563 1647 τοὺς
587 1583 796 1652 ἁγίους,
812 1585 861 1639 οἰ
884 1584 1158 1656 τοσαύτην
1186 1585 1467 1639 ἐποιοῦντο
1504 1584 1740 1656 σπουδὴν
1759 1585 1861 1656 τῆς

262 1665 358 1719 τοῦ
389 1666 525 1720 Θεοῦ
571 1666 749 1738 δόξης,
776 1667 919 1729 ὥστε
970 1671 1339 1739 καταφρονεῖν
1391 1668 1486 1721 καὶ
1517 1666 1619 1737 τῆς
1649 1667 1860 1720 ἑαυτῶν

260 1748 351 1803 διά
378 1750 477 1819 τὴν
510 1749 603 1802 τοῦ
638 1750 796 1806 Θεοῦ.
830 1751 924 1822 Μὴ
956 1752 1022 1823 δὴ
1052 1752 1232 1805 πάντα
1262 1750 1522 1823 ῥίψαντες
1550 1751 1738 1816 ἁπλῶς
1763 1751 1860 1805 καὶ

263 1835 758 1904 καταπατήσαντες
786 1834 979 1905 ἀρκεῖν
1008 1834 1347 1906 ἡγησώμεθα
1380 1835 1519 1906 πρὸς
1560 1834 1861 1902 ἀπολογίαν

264 1918 420 1987 ἡμῖν,
445 1914 542 1971 ἐὰν
591 1917 861 1988 εἴπωμεν,
907 1918 989 1970 ὅτι
1016 1918 1240 1990 ,ἱμάτιον
1270 1918 1582 1991 ἐπριάμεθα
1617 1920 1683 1989 τῇ
1717 1934 1863 1991 παρ-

263 1998 402 2068 θένῳ
434 1999 528 2051 καὶ
560 1999 908 2070 ὑποδήματα,
942 2002 1037 2054 καὶ
1065 2001 1134 2054 τά
1173 2001 1308 2056 ἀλλα
1348 2001 1423 2054 τά
1459 2001 1601 2054 κατά
1629 2000 1727 2072 τὴν
1754 2018 1861 2055 σω·

265 2081 501 2154 ματικὴν
524 2082 833 2136 ἀνάπαυσιν
856 2079 915 2137 εῦ
941 2083 1297 2155 διεθήκαμεν.
1321 2085 1431 2138 Kal
1454 2085 1539 2147 τίς
1571 2084 1861 2155 οἰκονομή-

264 2182 372 2229 σει,
402 2167 556 2236 φησὶ,
585 2164 655 2218 τά
680 2165 824 2219 κατά
844 2166 942 2237 τὴν
966 2168 1145 2220 οἰκίαν
1185 2169 1356 2238 ἡμῖν;
1385 2167 1472 2230 τίς
1509 2167 1567 2221 δέ
1595 2167 1859 2236 ἐπόψεται

260 2249 331 2302 τά
363 2249 515 2313 ὅντα,
538 2248 695 2312 τίςδέ
728 2251 1099 2320 προστήσεται
1125 2250 1281 2321 ἡμῶν
1313 2250 1420 2314 ἐξω
1448 2250 1856 2320 διατριϐόντων,

263 2332 359 2385 καὶ
407 2332 664 2399 γυναικὸς
711 2332 862 2386 ἐνδον
888 2334 989 2386 οὐκ
1022 2331 1226 2404 οὑσης;
1260 2334 1373 2387 Kal
1414 2334 1524 2404 γὰρ
1549 2334 1644 2385 καί¹
1688 2332 1860 2386 ταῦτα

240 2414 512 2485 -λέγουσιν
534 2416 757 2469 ἐναντία
788 2433 847 2469 τε
879 2417 1009 2470 ὄντα
1039 2417 1153 2481 τοῖς
1192 2417 1483 2489 προτέροις
1517 2416 1610 2470 καί¹
1637 2416 1860 2488 αἰσχρό-

258 2516 419 2572 τερα,
454 2500 549 2553 καὶ
571 2499 784 2561 οὐδενὸς
815 2500 1002 2562 αὑτοῖς
1038 2498 1190 2571 μέλει
1215 2499 1455 2562 τούτων,
1504 2499 1624 2553 οὑδὲ
1667 2498 1861 2569 αἰσχύ-

261 2601 444 2639 νονται
474 2580 629 2656 [2M]
659 2584 908 2652 καθάπερ
940 2584 990 2636 οἱ
1036 2582 1331 2655 μεθύοντες
1372 2585 1433 2637 τὸ
1458 2582 1684 2637 ἐπελθὸν
1713 2585 1860 2638 ἂπαν

263 2666 649 2738 φθεγγόμενοι.
684 2666 776 2719 Διό
805 2666 941 2738 μηδέ
963 2668 1128 2738 ἡμεῖς
1159 2667 1538 2738 ἀποκάμωμεν
1563 2707 1576 2731 ,
1599 2666 1706 2721 κᾶν
1744 2683 1858 2719 τοι-

230 2800 233 2801 ,
261 2746 459 2821 αῦταῇ
497 2752 567 2804 τά
590 2749 894 2819 λεγόμενα,
920 2750 995 2812 ὡς
1026 2749 1161 2820 μηδέ
1194 2750 1543 2820 ἀποκρίσεως
1575 2749 1859 2815 ἀξιοῦσθαι

262 2851 409 2898 τινος
429 2850 443 2864 ·
473 2834 547 2904 μὴ
587 2834 969 2903 ἀποκάμωμεν
994 2829 1088 2886 οὖν
1119 2834 1213 2886 καὶ
1262 2834 1707 2905 ἀποκρινόμενοι,
1765 2835 1860 2888 καὶ

266 2916 459 2987 πράως
489 2917 670 2979 αὑτοῖς
699 2910 1099 2987 διαλεγόμενοι,
1124 2917 1229 2978 ἕως
1252 2915 1318 2969 ἂν
1350 2916 1451 2986 τῆς
1484 2916 1656 2987 μέθης
1686 2917 1862 2969 ἀπαλ-

263 2999 517 3069 λάξωμεν
549 3000 778 3071 ταύτης,
820 3001 883 3053 τό
915 3017 980 3068 γε
1008 3002 1275 3069 εἰς’ἡμᾶς
1315 2995 1472 3071 ἧκον.
1516 3000 1860 3070 Αἰσχύνομαι

264 3083 377 3155 γὰρ
410 3085 506 3137 καὶ
550 3083 792 3156 ἐρυθριῶ
841 3083 1016 3136 ταῦτα
1063 3084 1360 3154 ἐπιχειρῶν
1411 3085 1777 3155 ἀνατρέπειν,
1824 3084 1861 3137 ἀ

263 3166 573 3234 ἀντιλέγειν
603 3168 702 3220 οῦκ
738 3165 1066 3237 ἐρυθριῶσιν
1096 3167 1329 3219 ἐκεῖνοι·
1376 3168 1583 3221 οἰστέον
1616 3168 1672 3220 δὲ
1710 3169 1862 3237 ὅμως

240 3253 364 3320 τὴν
395 3250 660 3322 αἰσχύνην
691 3251 778 3304 διὰ
815 3251 877 3303 τὸ
911 3250 1226 3303 λυσιτελοῦν
1252 3253 1364 3314 τοῖς
1390 3247 1492 3305 οὑκ
1531 3250 1863 3322 αἰσχυνομέ-

264 3351 398 3397 νοις.
448 3336 557 3387 Kal
607 3333 717 3404 γὰρ
751 3335 952 3389 ἄτοπον
1003 3333 1372 3403 ἐγκαλοῦντας
1411 3335 1592 3398 αὐτοῖς
1627 3335 1726 3407 τὴν
1754 3335 1862 3387 τῶν

267 3417 777 3488 σκανδαλιζομένων
809 3417 1056 3486 ἀδελφῶν
1089 3417 1394 3489 ὑπεροψίαν
1429 3418 1627 3482 αὐτοὺς
1658 3418 1727 3472 δι’
1778 3420 1862 3471 αἰ-

267 3502 473 3573 σχύνην
513 3503 613 3572 τὴν
669 3500 872 3553 τούτων
912 3501 1191 3572 ὑπερορᾷν
1228 3501 1550 3572 θεραπείαν.
1589 3502 1722 3555 Τίνα
1753 3503 1863 3573 γὰρ

265 3584 485 3653 λέγουσι
518 3584 586 3637 τά
625 3584 772 3637 ἐνδον
794 3624 807 3648 ,
840 3584 962 3637 εἰπέ
994 3602 1106 3655 μοι,
1146 3577 1221 3638 ὧν
1261 3586 1341 3648 εἰς
1375 3584 1474 3656 τὴν
1526 3586 1863 3656 προστασίαν

265 3670 370 3740 τῆς
400 3669 668 3741 παρθένου
700 3670 798 3741 τὴν
819 3670 1012 3739 χρείαν
1039 3669 1348 3738 ἀναγκαίαν
1379 3665 1520 3722 εἶναι
1548 3671 1860 3740 νομίζουσι;

268 3753 574 3809 παιδισκῶν
608 3770 689 3806 an
737 3754 918 3825 πλήθη
958 3752 1250 3825 βαρϐάρων
1291 3765 1317 3793 ει
1362 3754 1479 3807 ἐστὶ
1518 3754 1613 3806 καὶ
1663 3756 1865 3825 νεωνή-

268 3857 397 3904 των,
430 3838 526 3891 καὶ
551 3837 632 3890 δεῖ
678 3836 886 3901 ταύτας
923 3836 1286 3907 ῥυθμίζεσθαι
1339 3836 1434 3889 καὶ
1475 3836 1612 3906 πρὸς
1645 3837 1865 3908 ἐριουρ-

269 3923 395 3993 γίαν
433 3923 526 3975 καὶ
565 3922 702 3993 πρὸς
743 3920 842 3992 τὴν
897 3921 1064 3990 ἀλλην
1104 3919 1415 3986 διακονίαν;
1470 3919 1633 3973 Ἀλλά
1665 3924 1867 3991 ταμεῖα

270 4008 572 4079 χρημάτων
618 4005 829 4058 πολλῶν
872 4005 967 4058 καί
1013 4004 1247 4075 ἱματίων
1278 4003 1607 4071 πολυτελῶν,
1636 4006 1732 4059 καὶ
1785 4007 1868 4060 δεῖ

271 4091 490 4159 φύλακα
515 4090 660 4143 ἔνδον
691 4089 961 4159 καθῆσθαι
992 4087 1305 4150 διαπαντὸς,
1349 4089 1445 4141 καὶ
1484 4091 1548 4159 τῇ
1579 4089 1689 4142 τῶν
1719 4092 1865 4143 οἰκε-

271 4174 381 4227 τῶν
421 4173 732 4245 κακουργίᾳ
776 4175 903 4235 τοὺς
954 4171 1269 4242 ὀφθαλμοὺς
1304 4169 1730 4243 ἐπιτειχίζεσθαι
1769 4176 1868 4245 τῆς

275 4257 577 4329 παρθένους
617 4256 752 4310 ἀλλά
788 4256 981 4309 δεῖπνα
1011 4256 1105 4307 καὶ
1150 4254 1430 4325 συμπόσια
1477 4255 1716 4325 συνεχῶς
1743 4258 1867 4309 ἐπι-

273 4340 568 4405 τελεῖσθαι,
629 4340 724 4393 καὶ
775 4340 882 4411 χρὴ
928 4339 1029 4409 τὴν
1060 4337 1237 4391 οἰκίαν
1283 4336 1742 4402 καλλωπίζεσθαι,
1776 4339 1868 4392 καὶ

276 4425 577 4496 μαγείρους
599 4424 691 4476 καὶ
714 4440 909 4494 τραπεε
974 4441 980 4447 ·
1072 4422 1148 4485 ub;
1175 4421 1275 4491 τῆς
1294 4421 1550 4490 προνοίας
1574 4422 1868 4475 ἀπολαύειν

271 4508 374 4577 τῆς
398 4507 703 4579 παρθένους
734 4505 871 4559 ἀλλά
889 4523 988 4558 πο..
1043 4521 1222 4575 .ροποι
1254 4504 1493 4558 δαπάναι
1519 4505 1609 4557 καί
1624 4509 1867 4575 συνεχεῖς

274 4593 370 4646 καὶ
396 4591 478 4644 δεῖ
519 4607 645 4643 τινα
684 4590 977 4658 ἐφεστάναι
1012 4587 1327 4651 διαπαντὸς,
1352 4589 1499 4650 ὅπως
1532 4586 1600 4640 τά
1642 4589 1741 4657 μὲν
1775 4606 1869 4656 φυο

273 4674 524 4728 λάττοιτο
561 4673 700 4744 μετὰ
728 4673 1036 4745 ἀκριϐείας,
1068 4672 1135 4725 τὰ
1160 4672 1216 4724 δὲ
1255 4671 1328 4742 μὴ
1364 4671 1540 4741 μάτην
1570 4672 1737 4742 ἐκρέῃ
1768 4672 1867 4741 τῆς

274 4759 480 4823 οἰκίας;
514 4759 679 4811 Οὐδὲν
708 4758 912 4811 τούτων
943 4757 1107 4827 φησίν
1128 4774 1140 4786 ⁸
1180 4755 1316 4808 ἀλλά
1348 4756 1496 4818 ὅπως
1531 4756 1669 4826 αὐτῇ
1698 4756 1760 4808 τὸ
1786 4774 1869 4809 κιι

275 4843 470 4897 ϐὡτιον
508 4844 603 4896 καὶ
649 4841 711 4894 τὸ
745 4841 959 4912 ἱμάτιον
986 4841 1081 4894 καὶ
1121 4841 1220 4909 τὴν
1255 4838 1423 4908 ἀλλην
1456 4838 1726 4912 ἐπιϐλέπῃ
1774 4859 1871 4894 πε-

274 4928 416 4988 νίαν,
449 4927 597 4991 ὅπως
630 4925 941 4996 εὐτρεπίζοι
972 4923 1070 4995 τὴν
1117 4923 1420 4995 τράπεζαν,
1447 4924 1542 4975 καὶ
1584 4923 1683 4994 τὴν
1709 4924 1871 4997 εὐνὴν

278 5009 595 5081 στρωννύοι,
632 5012 726 5063 καὶ
756 5009 867 5080 πῦρ
914 5008 1174 5079 ἀνακαίῃ,
1208 5007 1301 5061 καὶ
1331 5005 1639 5079 περιπλύνῃ
1680 5008 1868 5073 πόδας,

278 5097 370 5148 καὶ
403 5096 500 5164 τὴν
537 5093 704 5163 ἄλλην
748 5094 1057 5146 ἀνάπαυσιν
1079 5091 1307 5163 απαρέχῃ
1349 5094 1550 5146 πᾶσαν.
1580 5089 1715 5145 Εἶτα
1748 5094 1871 5147 ἀντὶ

275 5180 376 5249 τῆς
407 5180 609 5249 μικρᾶς
635 5178 727 5237 καὶ
742 5178 958 5248 ψυχρᾶς
984 5176 1344 5240 ἀναπαύσεως
1370 5176 1576 5247 ταύτης
1599 5178 1871 5249 τοσαύτην

276 5264 495 5332 οἴσομεν
525 5260 882 5332 κατηγορίαν,
926 5259 1164 5313 τοσαῦτα
1199 5261 1619 5331 ὑποστησόμεθα
1653 5262 1869 5332 ὀνείδη;

276 5346 388 5399 Kal
421 5345 570 5414 πόσῳ
624 5344 834 5414 βέλτιον
882 5344 1111 5411 ἀδελφὸς
1159 5343 1332 5396 ταῦτα
1366 5342 1744 5415 διακονήσεται
1777 5346 1871 5399 καὶ

277 5427 672 5499 εὐκολώτερονί
704 5431 769 5497 τῇ
804 5445 862 5481 τε
892 5427 1005 5498 γάρ
1042 5427 1202 5495 φύσει
1237 5428 1585 5499 ἰσχυρότερος
1612 5430 1871 5497 γυναικὸς

276 5513 306 5564 ό
334 5514 494 5583 ἀνὴρ,
530 5514 601 5582 τῇ
624 5529 683 5564 τε
710 5511 871 5582 χρείᾳ
898 5511 1227 5581 οἰκειότερος
1270 5514 1425 5581 ἡμῖν,
1469 5514 1562 5565 καὶ
1596 5514 1696 5583 οὑχ
1728 5513 1875 5567 οὕτω

236 5604 247 5614 “
278 5596 611 5668 δαπανηρὸς.
658 5598 726 5649 Ἠ
758 5596 856 5667 μὲν
881 5595 992 5667 γὰρ
1020 5596 1179 5665 γυνὴ,
1222 5596 1317 5648 άτε
1352 5595 1684 5667 ἁπαλωτέρα
1712 5594 1867 5661 οὖσα,

279 5681 375 5735 καὶ
420 5679 714 5752 στρωμνῆς
757 5678 1155 5750 μαλακωτέρας
1189 5677 1381 5740 δεῖται,
1413 5679 1508 5731 καὶ
1541 5678 1884 5751 λεπτοτέρας

220 5758 225 5761 ’
279 5764 528 5833 ἐσθῆτος,
562 5764 657 5817 καὶ
675 5764 843 5835 κόρης
865 5764 997 5825 ἴσως
1024 5760 1187 5814 πάλιν
1213 5761 1681 5834 διακονησομένης
1708 5766 1869 5835 αὐτῇ,

280 5848 375 5901 καὶ
395 5848 456 5902 ού
488 5846 757 5919 τοσαύτην
785 5849 915 5918 ἡμῖν
952 5846 1182 5917 παρέχει
1214 5845 1510 5909 διακονίαν,
1542 5847 1674 5918 ὅσης
1728 5850 1866 5920 αὑτὴ

351 5983 804 6067 ρρχιχχρεία
825 5983 1090 6050 βαρϐάρων.
1116 5981 1245 6037 Infra
1268 5983 1399 6037 idem
1422 5984 1543 6034 ἀλλά
1567 5984 1772 6050 ταμείων
1797 5986 1877 6036 καὶ

284 6047 540 6111 χρημάτων
557 6047 762 6097 πολλῶν.

893 381 1174 441 CONTRA
1214 384 1346 443 EOS
1382 386 1502 455 QUI
1541 386 2177 447 SUBINTBODUCTAS
2217 389 2493 449 HABENT
2533 388 2885 447 VIRGINES.

3445 384 3554 448 δῖε

1960 505 2135 560 δεῖται
2164 506 2301 583 παρ’
2345 506 2503 579 ἡμῶν
2521 525 2534 538 ·
2568 507 2598 559 ό
2620 505 2678 561 δέ
2709 502 2938 575 ἀδελφὸς
2967 503 3063 558 καὶ
3100 501 3322 557 πάντων
3349 502 3557 558 τούτων

1958 588 2307 660 ἀπήλλακται
2324 606 2337 618 ·
2374 591 2423 642 εἰ
2450 588 2508 643 δέ
2527 605 2673 653 τινος
2690 586 2785 642 καί
2806 585 3050 660 δεηθείη,
3076 584 3187 638 τῶν
3214 584 3393 639 αὑτῶν
3422 586 3558 661 ἡμῖν

1958 672 2234 745 δεήσεται.
2271 670 2445 725 Τοῦτο
2476 671 2532 725 δέ
2560 671 2621 725 οὑ
2670 669 2867 743 μικρὸν
2898 671 2979 729 εἰς
3032 667 3287 722 εὐκολίαν
3332 668 3470 735 ἐστὶ,
3496 668 3558 721 τὸ

1963 754 2038 827 μὴ
2065 754 2357 826 διαφόρων,
2399 754 2535 807 ἀλλά
2564 753 2672 806 τῶν
2704 749 2882 807 αὑτῶν
2924 754 2982 807 ἐν
3020 751 3186 828 χρείᾳ
3219 749 3557 805 καθεστάναι

1959 841 2086 903 τοὺς
2131 838 2548 901 συνοικοῦντας·
2580 840 2721 907 ὅπερ
2756 837 2847 889 ἐπὶ
2877 836 2977 907 τῆς
3018 834 3292 904 παρθένου
3318 835 3421 887 οὑκ
3454 834 3554 888 ἔνι.

1959 922 2186 994 Πρῶτον
2219 923 2318 993 μὲν
2347 922 2455 993 γάρ
2482 922 2547 975 ἀν
2580 939 2639 973 τε
2680 919 2975 973 λούσασθαι
3014 918 3106 990 δέῃ
3138 958 3153 984 ,
3189 919 3255 972 ἀν
3279 935 3337 971 τε
3371 919 3559 992 κάμνῃ

1957 1006 2020 1058 τὸ
2043 1006 2202 1076 σῶμα
2225 1048 2240 1072 ,
2270 1003 2394 1058 οὔτε
2439 1006 2468 1057 ό
2495 1004 2726 1073 ἀδελφὸς
2766 1006 2903 1075 αὑτῇ
2939 1001 3277 1074 πρὸςταῦτα
3307 1002 3558 1073 διακονή-

1961 1106 2135 1153 σεται,
2165 1089 2270 1143 κάν
2293 1088 2498 1159 σφόδρα
2524 1088 2716 1159 ἐληται
2743 1088 3094 1158 ἀσχημονεῖν,
3114 1084 3239 1139 οὔτε
3264 1084 3403 1155 αὑτὴ
3430 1086 3559 1138 ἐαυ-

1959 1174 2025 1243 τῇ
2056 1171 2290 1242 ἀρκέσαι
2316 1170 2609 1241 δυνήσεται
2630 1186 2643 1200 ·
2672 1168 2739 1222 ἂν
2768 1169 2825 1222 δὲ
2851 1170 3073 1239 ἀδελφοὶ
3104 1171 3153 1223 οἰ
3184 1167 3558 1230 συνοικοῦντες
3630 1232 3633 1235 Α

1960 1250 2115 1321 ὦσιν,
2148 1253 2532 1308 ἀντιδώσουσιν
2562 1253 2817 1325 ἀλλήλοις
2849 1252 2948 1324 τὴν
2991 1252 3299 1324 ὑπηρεσίαν
3328 1249 3553 1321 ταύτην.

1960 1340 2130 1393 Πάλιν
2163 1340 2291 1392 ὅταν
2322 1337 2608 1392 καθεύδειν
2635 1337 2751 1410 δέῃ.
2780 1336 3053 1407 παρθένου
3086 1336 3188 1406 μὲν
3229 1335 3378 1388 ἔνδον
3422 1333 3559 1388 καθ-

1961 1422 2191 1494 ημένης,
2208 1422 2301 1475 καὶ
2328 1421 2514 1486 κλίνας
2539 1415 2679 1481 εῖναι
2707 1420 2799 1473 δύο
2814 1420 2943 1492 χρὴ,
2962 1421 3054 1474 καὶ
3074 1419 3373 1492 στρώματα
3393 1414 3559 1471 διπλᾶ

1961 1507 2056 1561 καί
2087 1506 2457 1577 ἐπιϐλὴματα,
2491 1506 2541 1558 εἰ
2596 1504 2654 1559 δέ
2696 1500 2754 1558 εὖ
2788 1503 3065 1576 φρονῶσι,
3112 1503 3207 1558 καὶ
3243 1504 3554 1573 οἰκήματα’

1960 1589 2206 1661 ἀδελφῶν
2238 1590 2296 1643 δέ
2328 1589 2519 1654 ὄντων,
2549 1588 2711 1644 πάλιν
2737 1588 2807 1642 τά
2835 1588 2938 1660 τῆς
2969 1589 3161 1660 χρείας
3187 1585 3557 1651 συστέλλεται,

1962 1676 2059 1730 ἀτε
2082 1673 2418 1745 οἰκειοτέρας
2439 1672 2627 1743 οὔσης.
2658 1671 2769 1726 Kal
2795 1671 2907 1742 γάρ
2942 1667 3094 1735 οἶκος
3129 1664 3232 1737 εἷς,
3262 1670 3359 1724 καὶ
3387 1683 3557 1740 προσ-

1961 1758 2257 1828 κεφάλαιον
2287 1757 2364 1819 ἐν,
2394 1757 2489 1812 καὶ
2523 1756 2680 1827 κλίνη
2716 1756 2835 1828 μία,
2867 1756 2963 1808 καὶ
2988 1753 3345 1824 ἐπιϐλὴματα
3376 1753 3559 1823 ἀμφο-

1958 1846 2140 1918 τέροις
2172 1845 2397 1918 ἀρκέσει
2439 1845 2509 1899 τά
2537 1844 2713 1899 αὑτάο
2742 1843 2838 1897 καὶ
2877 1839 3090 1905 ἁπλῶς,
3122 1840 3177 1894 ετ
3204 1856 3290 1903 τις
3341 1836 3562 1891 ἃπασαν

1960 1931 2167 1999 ἐπεξίοι
2191 1930 2289 2002 τὴν
2313 1929 2608 1992 διακονίαν,
2638 1926 2876 1982 ἐνταῦθα
2915 1926 3015 1997 μὲν
3037 1923 3239 1995 πολλὴν
3268 1922 3369 1992 τὴν
3402 1920 3561 1973 εὑκοο

1959 2015 2084 2069 λίαν
2112 2014 2358 2086 εὑρήσει,
2396 2012 2593 2065 ἐκεῖδέ
2620 2010 2718 2083 τὴν
2748 2007 2903 2081 [2421
2928 2006 3241 2062 δυσκολίαν.
3272 2004 3385 2057 Kal
3419 2017 3562 2072 παρ-

1964 2100 2084 2170 ίημι
2114 2098 2215 2169 τὴν
2265 2096 2651 2168 ἀσχημοσύνην
2698 2094 2798 2164 τῆς
2840 2093 3046 2157 οἰκίας’
3114 2086 3227 2144 οἷον
3266 2089 3374 2159 γάρ
3410 2087 3562 2170 ἐστιν

1960 2169 2253 2237 ἀνελθόντα
2298 2184 2378 2246 εἰς
2407 2180 2599 2252 ἀνδρὸς
2624 2178 2954 2250 μονάζοντος
2994 2175 3173 2231 οἰκίαν
3197 2176 3331 2246 όρᾷν
3358 2169 3561 2240 ὑποδή-

1965 2285 2110 2339 ματα
2134 2267 2422 2332 γυναικεῖα
2455 2262 2803 2335 κρεμάμενα,
2841 2261 2935 2315 καί
2957 2258 3304 2329 διαζώματα,
3338 2256 3435 2311 καὶ
3468 2271 3561 2307 κε-

1962 2351 2295 2423 φαλόδεσμα,
2319 2350 2413 2401 καί
2446 2347 2831 2410 καλαθίσκους,
2859 2345 2951 2399 καὶ
2978 2343 3284 2416 ἡλακάτην,
3316 2340 3411 2394 καὶ
3432 2354 3569 2409 κερ-

1962 2437 2105 2499 κίδα,
2136 2436 2231 2489 καὶ
2252 2432 2468 2496 κτένας.
2502 2432 2597 2486 καὶ
2627 2430 2941 2501 ἰστοπόδην,
2971 2430 3065 2484 καὶ
3097 2427 3168 2481 τὰ
3202 2426 3362 2489 ἀλλα,
3413 2424 3567 2493 άπερ

1961 2518 2062 2571 οὑκ
2112 2518 2189 2570 ένι
2243 2516 2384 2570 κατά
2439 2514 2605 2586 μέρος
2638 2514 2820 2582 λέγειν
2854 2512 3091 2568 ἅπαντα.
3129 2510 3194 2566 Εἰ
3226 2510 3285 2563 δέ
3324 2506 3419 2562 καί⁵
3467 2504 3571 2558 ἐπὶ

1960 2606 2060 2674 τῆς
2084 2600 2315 2673 εὐπόρου
2344 2599 2521 2653 ταῦτα
2555 2598 2855 2664 ἐξετάζεις,
2882 2598 3085 2652 πλείων
3117 2598 3145 2651 ὁ
3170 2594 3365 2666 γέλως.
3402 2588 3562 2662 Πρῶ-

1960 2705 2051 2741 τον
2083 2686 2181 2758 μὲν
2209 2686 2316 2759 γὰρ
2346 2686 2403 2737 ἐν
2436 2683 2606 2755 ἀγέλῃ
2639 2683 3039 2755 θεραπαινίδων
3080 2679 3355 2735 τοσούτων
3402 2674 3561 2759 μόνος

1964 2756 2255 2840 στρέφεται
2289 2756 2478 2838 μέσος,
2513 2767 2768 2840 καθάπερ
2796 2768 2890 2821 ἐπὶ
2922 2769 3022 2839 τῆς
3054 2765 3367 2837 ὀρχήστρας
3389 2762 3447 2813 ἐν
3482 2756 3565 2828 τῷ

1961 2854 2109 2927 χορῷ
2138 2853 2246 2907 τῶν
2270 2851 2547 2922 γυναικῶν
2575 2853 2604 2905 ό
2630 2855 2742 2916 τοῖς
2768 2850 3203 2929 ὑπορχουμένοις
3226 2846 3449 2917 ὑπᾴδων
3471 2858 3563 2913 χο-

1966 2938 2162 3011 ρευτής
2182 2957 2193 2967 ·
2216 2930 2278 2989 οὗ
2307 2936 2360 2989 τί
2378 2936 2574 3005 γένοιτ’
2606 2934 2673 2988 ἀν
2699 2934 3056 3006 αἰσχρότερον
3079 2934 3170 2986 καὶ
3200 2930 3562 3000 ἀτιμότερον;

1964 3025 2201 3077 Ἔπειτα
2232 3023 2627 3094 διαρρἡγνυται
2661 3021 2790 3090 ὃλην
2812 3019 2912 3090 τὴν
2936 3017 3149 3088 ἡμέραν
3180 3014 3319 3086 πρὸς
3344 3011 3563 3094 οἰκέτας

1962 3107 2289 3176 ἀγανακτῶν
2315 3092 2455 3176 ὑπὲρ
2488 3104 2599 3157 τῶν
2633 3104 2856 3172 γυναικὶ
2892 3100 3280 3172 προσηκόντων
3303 3092 3567 3166 πραγμά-

1962 3209 2092 3245 των.
2130 3192 2200 3244 Ἢ
2240 3188 2349 3260 γὰρ
2402 3188 2618 3257 ἀνάγκη
2653 3188 2833 3257 σιγᾷν,
2884 3184 2980 3239 καὶ
3030 3184 3251 3237 πάντων
3304 3193 3565 3249 παραμε-

1963 3274 2160 3329 λοῦντα
2189 3276 2316 3346 παρ’
2344 3272 2563 3341 ἐκείνης
2593 3268 2977 3341 ἐπιτιμᾶσθαι,
3009 3268 3041 3338 ἢ
3070 3266 3299 3335 λέγοντα
3322 3262 3416 3317 καὶ
3439 3263 3565 3346 ἐπιξ-

1965 3343 2281 3431 πλήττοντα
2328 3358 2690 3427 ἀσχημονεῖν·
2746 3354 2840 3407 καὶ
2895 3354 2998 3424 ὅρα
3027 3352 3089 3404 τὸ
3121 3348 3441 3431 συμϐαῖνον.
3478 3343 3567 3431 ’Ὁ

1965 3427 2074 3517 γάρ
2099 3446 2207 3497 τῶν
2248 3441 2518 3513 βιωτικῶν
2554 3434 2899 3511 πραγμάτων
2936 3435 3073 3517 μηδέ
3096 3433 3275 3517 ἐγγὺς
3305 3427 3570 3517 γενέσθαι.

1967 3514 2300 3589 κελευσθεὶς,
2332 3525 2432 3595 οὑχ
2454 3522 2641 3585 ἁπλῶς
2676 3518 2947 3591 βιωτικῶν
2977 3560 2990 3583 ,
3021 3516 3162 3571 ἀλλὰ
3186 3516 3282 3569 καὶ
3322 3514 3431 3567 τῶν
3461 3528 3563 3581 γυ-

1966 3610 2220 3664 ναικείων
2255 3607 2521 3677 ἐνδοτέρω
2566 3605 2809 3673 γίνεται·
2858 3603 2951 3658 καὶ
2993 3600 3105 3672 γὰρ
3139 3599 3230 3661 καὶ
3259 3596 3430 3667 σκεύη
3460 3610 3569 3664 γυ-

1965 3697 2182 3750 ναικεῖα
2214 3691 2467 3753 ἐκδοῦναι
2501 3690 2561 3743 οὑ
2597 3688 3054 3760 παραιτήσονται,
3090 3682 3204 3736 ἀλλ’
3244 3681 3568 3751 ἐπιστήσον-

1965 3795 2054 3831 ται
2078 3780 2189 3840 τοῖς
2213 3773 2620 3848 ἀργυροκόποις
2658 3768 2902 3840 συνεχῶς
2930 3767 3267 3840 ἐρωτῶντες,
3287 3767 3335 3818 εἰ
3358 3764 3418 3815 τὸ
3436 3763 3569 3816 κάτ-

1966 3879 2166 3933 οπτρον
2214 3856 2651 3913 κατεσκεύασται
2678 3854 2777 3924 τῆς
2799 3851 3017 3923 κυρίας,
3033 3853 3081 3903 εἰ
3103 3849 3192 3904 τὸν
3211 3849 3373 3903 κάδον
3389 3848 3569 3933 ἀπήρ-

1967 3928 2145 4007 τισαν,
2183 3943 2317 3996 εἰτὸ
2345 3939 2605 4009 ληκύθιον
2636 3937 2953 3991 ἀπέδωκαν·
2993 3932 3090 3987 καὶ
3127 3932 3239 4003 γὰρ
3277 3932 3357 3994 εἰς
3408 3928 3570 3982 τοῦτο

1970 4029 2147 4083 πάντα
2180 4024 2283 4099 ἧκε
2310 4024 2631 4094 διαφθοράς,
2663 4021 2739 4083 ὡς
2768 4019 2876 4073 τῶν
2914 4017 3332 4089 βιωτικωτέρων
3367 4014 3570 4086 μᾶλλον

1969 4114 2069 4175 τὰς
2102 4110 2303 4173 πολλὰς
2343 4108 2449 4161 τῶν
2504 4106 2790 4178 παρθένων
2830 4103 3039 4164 τούτοις
3100 4099 3407 4171 κεχρῆσθαι
3458 4100 3572 4159 τοῖς

1973 4194 2243 4249 σκεύεσιν.
2290 4191 2530 4245 Ἐκεῖθεν
2566 4189 2730 4242 πάλιν
2764 4187 2900 4257 πρὸς
2928 4185 3019 4238 τὸν
3060 4185 3302 4255 μυρεψὸν
3333 4182 3575 4253 ἔδραμεν

1973 4279 2115 4350 ὑπὲρ
2147 4277 2255 4330 τῶν
2285 4275 2384 4343 τῆς
2414 4273 2610 4344 κυρίας
2647 4268 3028 4338 διαλεξόμενος
3058 4266 3407 4350 ἀρωμάτωνο
3441 4263 3574 4350 πολ-

1972 4347 2127 4423 λάκις
2154 4360 2211 4413 δέ
2243 4358 2381 4428 ὑπὲρ
2422 4356 2667 4417 πλείονος
2695 4353 2932 4422 σπουδῆς
2959 4352 3052 4404 καὶ
3081 4350 3303 4422 ὑϐρίσαι
3334 4348 3427 4402 τὸν
3469 4347 3575 4400 πέ-

1972 4461 2110 4516 νητα
2140 4444 2199 4495 οὑ
2238 4440 2658 4512 παραιτήσεται.
2694 4436 2803 4489 Kal
2822 4436 2930 4505 γὰρ
2971 4435 3065 4487 καὶ
3098 4432 3291 4503 μύροις
3317 4430 3578 4516 χρῶνται

1972 4511 2615 4597 αἰπαρθένοινποικίλοις
2640 4539 2702 4574 τε
2733 4521 2828 4574 καλ⁷
2852 4517 3220 4571 πολυτελέσιν.
3272 4511 3408 4568 Εἶτα
3459 4513 3579 4568 ἀπὸ

1970 4610 2065 4665 τοῦ
2109 4607 2353 4682 μυρεψοῦ
2384 4607 2520 4679 πρὸς
2548 4606 2641 4659 τὸν
2676 4606 2774 4668 τάς
2793 4603 2985 4665 ὀθόνας
3019 4600 3327 4665 πωλοῦντα,
3356 4600 3450 4653 καὶ
3474 4599 3577 4651 ἀπ*

1973 4697 2184 4750 ἐκείνου
2215 4695 2376 4749 πάλιν
2414 4691 2552 4763 πρὸς
2582 4690 2674 4743 τὸν
2700 4689 3047 4759 σκηνοποιόν.
3078 4684 3211 4739 Οὐδὲ
3236 4684 3345 4756 γάρ
3378 4682 3447 4736 τά
3481 4700 3572 4753 μι-

1975 4780 2083 4853 κρά
2116 4779 2287 4833 ταῦτα
2328 4776 2674 4847 αἰσχύνονται
2721 4774 3032 4827 ἐπιτάττειν
3060 4812 3075 4837 ,
3113 4770 3301 4842 ἐπειδὴ
3365 4769 3574 4841 σφόδρα

1974 4864 2175 4935 ὁρῶσιν
2208 4863 2407 4925 αὐτοὺς
2449 4857 2828 4920 ὑπακούοντας
2871 4856 2967 4909 καὶ
3006 4855 3167 4926 χάριν
3182 4855 3423 4924 ,ἔχοντας
3454 4855 3575 4907 ἐπι-

1974 4946 2298 5010 ταττούσαις
2335 4944 2585 5006 ταύταις,
2617 4942 2648 5013 ἢ
2686 4941 2893 5010 ἐτέροις
2934 4937 3395 5009 διακονουμένοις.
3461 4937 3578 4991 Ἐν-

1974 5032 2165 5086 τεῦθεν
2191 5032 2373 5097 πάλιν,
2406 5031 2534 5083 ὅταν
2558 5025 2915 5080 ἐπισκευάσαι
2942 5039 2994 5074 τι
3028 5021 3120 5093 δέῃ
3143 5024 3240 5092 τῆς
3266 5038 3573 5093 περιφορη-

1974 5117 2071 5187 τῆς
2102 5115 2319 5185 ἐκείνης
2351 5111 2579 5182 σκηνῆς,
2621 5110 2717 5163 καί¹
2756 5109 2948 5179 μέχρις
2976 5105 3216 5176 ἑσπέρας
3249 5104 3424 5172 αὑτῆς
3456 5103 3584 5157 ἀσι-.

1972 5215 2056 5251 τοι
2090 5195 2419 5260 διατελοῦσι,
2442 5197 2555 5257 τοῖς
2580 5191 2969 5265 ἐργαστηρίοις
2995 5187 3433 5260 προσηλωμένοι.
3465 5187 3584 5245 Kal

1972 5279 2033 5336 ού
2066 5281 2224 5335 τοῦτό
2258 5297 2374 5343 πως
2406 5277 2742 5349 θαυμαστὸν,
2782 5276 2898 5329 ἀλλ’
2934 5276 3018 5328 ότι
3040 5273 3131 5329 καὶ
3164 5276 3277 5336 τοῖς
3297 5271 3579 5325 ταλαιπώ-

1979 5385 2091 5439 ροις
2124 5365 2364 5427 οἰκέταις
2393 5363 2530 5417 εἰσὶν
2564 5362 2846 5432 ἐπαχθεῖς,
2878 5360 2973 5413 καὶ
3028 5358 3199 5429 πολλὴ
3244 5360 3363 5411 κατ’
3392 5357 3576 5411 αὑτῶν

1978 5451 2136 5523 ὑϐρις
2160 5452 2254 5509 καὶ
2272 5449 2650 5519 ἀγανάκτησις
2679 5446 2775 5499 καὶ
2799 5444 3039 5516 κραυγή.
3071 5442 3357 5513 Ἐννόησον
3377 5443 3435 5496 δὲ
3452 5445 3575 5498 ὃσαι

1974 5536 2039 5587 ὲκ
2065 5534 2273 5587 τούτων
2318 5534 2374 5586 αἱ
2424 5530 2793 5600 κατηγορίαι·
2833 5528 3051 5595 οἰκέτης
3106 5526 3217 5599 γὰρ
3272 5526 3575 5596 ὑϐρισθεὶς,

1974 5620 2068 5673 καὶ
2094 5619 2330 5690 μάλιστα
2365 5617 2506 5687 ὑπὲρ
2540 5615 2802 5669 τοιούτων
2839 5610 3205 5685 πραγμάτων,
3249 5611 3437 5681 ἐπειδὴ
3468 5629 3574 5683 μη-

1973 5704 2090 5757 δενὶ⁴
2118 5704 2306 5774 τρόπῳ
2359 5701 2449 5753 τὸν
2488 5699 2755 5772 ὑϐρικότα
2792 5698 3106 5769 ἀμύνασθαι
3162 5698 3274 5769 ἔχει
3298 5739 3311 5763 ,
3359 5697 3447 5750 διά
3476 5698 3576 5766 τῆς

1974 5786 2221 5856 γλώττης
2254 5786 2414 5839 τοῦτο
2467 5786 2611 5837 ποιεῖ
2638 5784 2733 5837 καὶ
2776 5784 2876 5855 τῆς
2908 5783 3175 5855 λαθραίας
3212 5781 3574 5855 κακηγορίας,

1980 5870 2192 5935 οὑδενὸς
2236 5870 2549 5940 φειδόμενος
2602 5868 2710 5921 τῶν
2752 5868 3029 5938 ἐμπλῆσαι
3067 5867 3383 5937 δυναμένων
3428 5864 3577 5933 αὐτῷ

1984 5956 2074 6011 τὸν
2109 5954 2300 6027 θυμὸν,
2326 5954 2462 6009 ἀλλά
2500 5953 2638 6025 μετά
2672 5953 2943 6021 τοσαύτης
2975 5952 3278 6023 ὑπερϐολῆς
3296 5954 3361 6021 τῇ
3391 5950 3576 6021 ἀμύνῃ

1990 6038 2253 6113 κέχρηται
2298 6036 2489 6110 ταύτῃ,
2539 6037 2657 6110 μεθ’
2688 6038 2819 6109 ὅσης
2853 6033 2997 6101 εἰκὸς
3024 6035 3244 6109 οἰκέτην
3281 6036 3429 6102 ὄντα,
3478 6037 3571 6088 και
