4264 6312
229 377 335 432 509

230 493 550 562 argentariis
589 493 798 563 negotia
840 508 947 548 non
981 494 1141 550 habet
1173 513 1186 550 :
1217 510 1320 550 non
1362 497 1504 551 enim
1534 504 1818 566 paupertas

230 585 388 649 sinit;
437 599 609 653 neque
640 585 840 640 assidet
866 585 1095 641 officinis
1123 590 1504 657 unguentariis.
1551 588 1655 644 Sed
1700 604 1822 643 cum

228 675 505 730 sutoribus
547 684 603 730 et
642 677 936 731 textoribus
962 687 1016 732 et
1057 679 1477 748 variegatoribus
1501 688 1558 734 et
1585 681 1826 734 tinetori-

226 769 326 820 lius
377 767 603 820 multum
647 777 1013 838 conversatur.
1078 768 1148 823 Et
1195 768 1324 838 quid
1365 785 1498 838 epus
1541 784 1823 824 recensere

223 857 421 909 sordes
447 871 655 921 omnes,
683 867 738 910 ut
764 836 977 926 quaiido
1007 857 1058 911 in
1086 857 1303 912 domum
1338 860 1556 924 intrant,
1576 874 1681 927 quo
1698 859 1828 914 sub-
1859 882 1861 885 ·

226 956 447 1015 tegmen
475 963 539 1002 ac
568 958 790 1002 tramam
820 949 1086 1013 vendant,
1135 959 1191 1004 et
1228 950 1420 1004 deinde
1460 951 1512 1004 in
1561 950 1712 1016 foro,
1768 961 1826 1004 ut

225 1035 356 1090 talia
392 1036 582 1091 iterum
614 1039 922 1107 requirant?
955 1039 1020 1094 Et
1043 1040 1157 1095 haec
1179 1039 1392 1111 quidem
1413 1038 1592 1107 domi,
1625 1040 1677 1094 in
1709 1041 1826 1095 foro

227 1135 414 1181 autem
443 1128 551 1181 risu
581 1127 820 1197 digniora
853 1129 1048 1184 ferunt.

309 1237 398 1292 10.
426 1238 483 1290 1η
511 1238 735 1293 ecclesia
763 1255 890 1293 vero
917 1240 1023 1295 dici
1055 1256 1157 1295 non
1191 1251 1367 1312 potest
1392 1252 1589 1313 quanta
1617 1244 1686 1299 sit
1709 1252 1824 1300 tur-

234 1326 442 1394 pitudo.
493 1326 624 1381 Nam
657 1329 805 1396 quasi
835 1340 1084 1399 oporteat
1116 1340 1173 1385 ut
1209 1332 1360 1388 locus
1391 1333 1567 1390 nullus
1606 1335 1822 1390 illorum

232 1417 811 1487 opprobriumignoret
831 1429 882 1474 et
905 1421 1217 1475 illiberalem
1255 1423 1600 1490 servitutem,
1645 1426 1724 1480 sic
1769 1427 1823 1481 in

235 1508 359 1564 loco
407 1509 508 1565 hoc
538 1521 723 1566 sancto
754 1521 813 1567 et
850 1514 1075 1568 terribili
1103 1516 1353 1571 omnibus
1379 1531 1529 1571 suam
1564 1519 1827 1589 intempe-

234 1601 462 1654 rantiam
506 1603 833 1670 prmdicant;
875 1613 963 1670 et,
991 1605 1132 1675 quod
1158 1607 1343 1676 utique
1383 1611 1596 1678 gravius
1620 1651 1634 1676 ,
1663 1626 1726 1666 ea
1768 1627 1826 1667 re

234 1692 554 1760 gloriantur,
576 1695 647 1748 ob
669 1711 825 1764 quam
849 1697 1166 1752 erubescere
1188 1701 1488 1768 oportebat.
1515 1701 1654 1757 Ante
1685 1703 1827 1758 fores

235 1783 381 1849 ipsas
409 1784 699 1852 excipiunt,
727 1788 1092 1841 cunuchorum
1126 1789 1243 1842 loco
1269 1791 1565 1845 inserviunt
1590 1833 1605 1856 ,
1635 1793 1827 1848 obvios

236 1873 594 1937 submovent,
638 1889 700 1928 ac
744 1885 1044 1944 prmeunles
1071 1878 1237 1931 altum
1267 1880 1478 1949 sapiunt
1521 1881 1828 1938 videntibus

235 1961 503 2022 omnibus.
534 1972 587 2017 et
617 1979 719 2017 non
743 1967 1181 2030 verecundantur,
1205 1948 1375 2024 sed‘ca
1400 1986 1458 2045 re
1482 1972 1778 2042 gloriantur
1811 1995 1823 2029 :

235 2062 396 2121 atque
436 2054 486 2106 in
533 2053 650 2122 ipso
695 2066 879 2110 sancto
905 2065 957 2111 et
989 2057 1255 2113 horrendo
1288 2063 1660 2132 mysteriorum
1694 2074 1829 2118 tem-

237 2157 368 2210 pore
402 2144 764 2200 ministrantes
804 2147 870 2202 ad
922 2151 1105 2202 ea'rum
1153 2153 1404 2220 placitum
1436 2196 1450 2219 ,
1505 2156 1826 2212 criminandi

235 2235 546 2288 occasiones
595 2238 774 2292 multis
827 2239 1151 2296 intuentibus
1199 2245 1459 2312 prmbent.
1511 2247 1619 2301 Illae
1649 2259 1825 2304 autem

235 2326 446 2379 misera:
478 2337 529 2380 ct
560 2329 882 2384 calamitosa:
907 2373 922 2398 ,
970 2347 1089 2386 cmn
1137 2345 1411 2403 oporteret
1449 2337 1517 2391 ab
1564 2338 1664 2394 hac
1707 2340 1827 2396 illos

236 2418 406 2485 gratia
435 2419 716 2485 prohibere
737 2464 751 2485 ,
787 2423 873 2476 illa
906 2424 1122 2494 insuper
1148 2427 1447 2495 gloriantur
1471 2439 1525 2484 et
1545 2431 1825 2487 confiden-

237 2507 404 2560 tiores
431 2507 579 2562 fiunt.
612 2509 942 2580 Quamquam
973 2515 1015 2568 si
1045 2516 1162 2584 quis
1195 2518 1272 2571 vel
1303 2519 1386 2582 iis,
1418 2521 1504 2575 vel
1525 2520 1630 2576 illis
1656 2523 1828 2579 male-

236 2597 414 2651 dicere
437 2599 627 2664 vellet,
657 2602 781 2670 quid
811 2604 1092 2679 maledicto
1133 2606 1234 2662 hoc
1278 2609 1539 2665 inveniret
1567 2614 1819 2679 atrocius,

235 2700 394 2754 quam
428 2697 481 2740 ut
504 2697 606 2741 tam
637 2690 928 2746 innumeris
955 2673 1175 2750 testibus
1208 2699 1611 2768 intemperantia
1637 2719 1823 2760 eorum

234 2788 504 2846 arguatur,
533 2788 588 2832 et
616 2780 664 2832 in
687 2782 856 2834 oculis
880 2785 1118 2838 omnium
1148 2787 1289 2842 fmde
1313 2791 1508 2859 agant?
1538 2793 1670 2861 Quid
1691 2811 1824 2864 opus

237 2875 321 2920 est
363 2868 542 2922 dicere
570 2880 697 2938 quot
735 2873 784 2924 in
826 2875 1064 2928 ecclesiis
1100 2877 1169 2929 ob
1202 2878 1408 2932 illarum
1438 2884 1663 2950 gratiam
1693 2885 1823 2938 sub-

234 2970 542 3024 vertantur,
600 2973 729 3032 quot
773 2965 949 3018 divina
988 2982 1147 3035 opera
1176 2984 1203 3020 a
1237 2972 1418 3025 multis
1465 2974 1820 3042 negligantur,

235 3058 290 3102 ut
314 3066 380 3104 ne
410 3051 502 3104 has
527 3053 771 3107 irritent?
822 3056 887 3108 Et
914 3057 1040 3124 quid
1081 3058 1200 3113 dico
1233 3076 1298 3114 ne
1335 3062 1585 3116 irritent?
1628 3065 1671 3119 si
1704 3066 1823 3134 quis

237 3148 442 3193 tantum
493 3142 764 3196 insuavius
811 3153 864 3198 et
911 3147 1114 3201 tristius
1161 3164 1250 3202 eas
1291 3152 1591 3218 aspexerit,
1643 3155 1822 3208 omnia

237 3229 441 3281 malunt
489 3231 656 3296 ferre,
710 3249 866 3302 quam
912 3236 1248 3293 dissimulare
1290 3240 1430 3293 illam
1479 3241 1582 3296 hoc
1611 3259 1820 3312 passam

235 3331 373 3370 esse.
426 3318 530 3372 Sed
561 3336 835 3390 quousque
867 3324 1077 3378 tandem
1108 3337 1161 3379 et
1185 3343 1282 3381 nos
1311 3328 1454 3384 foede
1483 3333 1687 3401 agimus
1707 3375 1720 3398 ,
1751 3334 1820 3389 il-

228 3408 409 3480 lorum
442 3409 615 3460 oumia
649 3413 1007 3466 enarrantes?
1045 3414 1159 3468 Non
1192 3417 1374 3486 utique
1410 3418 1512 3474 hoc
1537 3423 1820 3490 proposui-

236 3510 356 3548 mus
382 3514 394 3549 :
429 3513 547 3550 nam
571 3499 815 3569 sion'inia
839 3511 1065 3558 tractare
1092 3506 1317 3560 velimus
1336 3549 1350 3571 ,
1386 3510 1551 3563 multa
1581 3522 1635 3566 et
1665 3512 1819 3582 longa

237 3589 390 3642 nobis
429 3579 670 3646 oratione
708 3608 842 3661 opus
886 3605 1027 3649 esset
1059 3614 1071 3649 :
1105 3598 1210 3651 imo
1243 3600 1285 3652 si
1335 3604 1563 3655 maxime
1605 3605 1817 3672 vellem,

237 3694 342 3733 non
367 3691 583 3749 possent
605 3684 780 3737 omnia
807 3684 930 3748 dici,
950 3686 1399 3758 quandoquidem,
1435 3691 1556 3746 dum
1585 3709 1651 3748 ex
1681 3697 1820 3748 mul—

239 3769 306 3823 tis
335 3786 499 3838 pauca
535 3773 832 3841 colligimus
858 3817 873 3841 ,
918 3775 1078 3830 etiam
1116 3780 1196 3832 sio
1238 3781 1424 3848 prolixi
1460 3797 1667 3838 sumus.
1715 3784 1820 3840 Sed

236 3875 343 3913 non
366 3861 434 3914 ad
463 3862 562 3915 hoc
593 3865 856 3932 venimus,
889 3882 1072 3919 verum
1101 3867 1256 3922 inviti
1285 3871 1349 3923 ad
1377 3872 1587 3926 illorum
1616 3889 1819 3928 memo-

237 3950 370 4003 riam
416 3954 549 4020 rapti
594 3970 815 4022 sumus,
867 3968 924 4010 ut
972 3958 1176 4012 cordati
1220 3961 1493 4017 auditores
1533 3980 1819 4035 parumper

236 4039 651 4097 admonerentur
683 4062 694 4096 :
723 4046 862 4115 quod
906 4048 1167 4117 reliquum
1207 4059 1318 4117 est,
1369 4068 1546 4121 operm
1588 4057 1818 4124 pretium

234 4131 444 4186 videtur
468 4143 521 4186 ut
546 4135 965 4192 obsecrationem
985 4149 1036 4194 et
1065 4145 1421 4209 precationem
1447 4146 1814 4204 adhibeamus.

236 4220 345 4276 Oro
377 4222 532 4292 igitur
561 4233 613 4278 et
638 4228 878 4296 supplico
903 4269 917 4292 ,
951 4239 1004 4283 et
1032 4241 1154 4286 ante
1185 4249 1354 4301 genua
1381 4246 1554 4291 vestra
1581 4254 1664 4293 me
1694 4255 1819 4308 pro-

236 4311 412 4378 volvo,
457 4323 614 4383 atque
645 4317 834 4371 obnixe
867 4335 992 4388 rogo
1017 4360 1032 4385 ,
1063 4323 1484 4390 persuadeamini
1505 4368 1518 4391 ,
1550 4337 1603 4382 et
1626 4330 1693 4383 ab
1721 4329 1819 4386 hac

235 4416 570 4471 emergamus
598 4406 853 4462 ebrietate
879 4426 892 4474 ;
940 4411 1108 4464 simus
1135 4414 1304 4495 nostri
1332 4416 1567 4484 ipsorum
1593 4434 1815 4489 compo-

238 4503 338 4560 tes,
361 4505 414 4549 et
436 4512 781 4566 agnoscamus
807 4501 1083 4567 honorem,
1113 4521 1271 4574 quem
1303 4506 1451 4562 dedit
1475 4510 1628 4564 nobis
1652 4513 1809 4576 Deus,

234 4595 288 4637 et
316 4585 536 4640 Paulum
564 4590 884 4644 clamantem
912 4592 1188 4648 audiamus
1217 4613 1229 4648 :
1265 4596 1348 4650 Ne
1366 4599 1475 4651 sitis
1503 4602 1627 4653 servi
1650 4603 1816 4655 homi-

234 4692 356 4729 num
385 4677 458 4749 (l.
488 4679 604 4732 Cor.
637 4682 689 4734 7.
713 4681 803 4752 25)
830 4700 842 4747 ;
875 4693 928 4736 et
954 4685 1260 4741 desinamus
1289 4699 1343 4742 ut
1373 4692 1664 4746 serviamus
1696 4711 1813 4747 mu-

236 4768 451 4820 lieribus
471 4770 532 4822 ad
552 4785 885 4826 communem
911 4777 1145 4828 omnium
1166 4787 1468 4833 nostrorum
1497 4782 1809 4848 perniciem.

233 4858 422 4912 Milites
464 4876 560 4914 nos
603 4878 720 4918 esse
762 4865 1006 4921 Christus
1047 4870 1157 4921 vult
1199 4879 1442 4925 strenuos
1472 4883 1526 4927 et
1562 4873 1808 4928 athletas.

229 4949 346 5003 Non
377 4961 591 5019 propter
613 4953 711 5008 hoc
736 4971 834 5009 nos
864 4960 1095 5012 armavit
1121 4963 1282 5014 armis
1311 4965 1674 5032 spiritualibus
1699 5009 1713 5031 ,
1751 4977 1814 5044 ut,

232 5040 525 5106 puellarum
574 5044 938 5100 triobolarium
985 5051 1275 5104 ministeria
1319 5056 1706 5124 suscipiamus,
1756 5069 1811 5112 ut

226 5131 367 5183 circa
416 5131 561 5186 lanas
589 5144 643 5188 et
687 5140 912 5194 stamina
940 5150 993 5194 et
1033 5143 1131 5195 alia
1179 5146 1472 5200 ministeria
1512 5164 1802 5213 versemur,

227 5227 284 5271 ut
313 5221 638 5276 assideamus
666 5228 989 5284 mulierculis
1021 5235 1266 5287 nentibus
1292 5244 1344 5289 et
1374 5240 1674 5292 texentihus
1702 5281 1715 5305 ,
1753 5250 1810 5294 ut

227 5315 394 5360 totum
424 5311 562 5366 diem
587 5329 961 5372 consumamus
983 5361 996 5386 ,
1031 5323 1312 5393 verbisque
1340 5336 1391 5379 et
1423 5329 1658 5382 moribus
1691 5347 1809 5383 tutt-

227 5397 479 5454 liehribus
506 5405 710 5459 animas
739 5408 1072 5478 imbuamus;
1100 5415 1194 5468 sed
1224 5427 1278 5468 ut
1314 5418 1639 5487 conligamus
1670 5422 1807 5476 invi-

224 5488 406 5543 sibiles
432 5491 654 5548 virtutes
684 5512 800 5564 qua:
832 5501 983 5555 nobis
1025 5504 1376 5561 adversantur
1400 5548 1414 5571 ,
1456 5519 1512 5562 ut
1537 5511 1804 5566 diabolum

223 5581 601 5648 percutiamus,
631 5587 718 5654 qui
749 5599 936 5646 contra
959 5610 1054 5649 nos
1085 5597 1271 5652 ducem
1300 5603 1424 5669 agit,
1451 5611 1508 5655 ut
1531 5603 1807 5673 abigamus

221 5669 428 5727 feroces
455 5674 753 5730 dmmonum
786 5681 1072 5755 phalanges
1095 5730 1108 5752 ,
1147 5699 1205 5742 ut
1233 5691 1602 5748 subvertamus
1618 5710 1803 5750 eorum

224 5766 617 5837 propugnacula
640 5807 658 5837 ,
704 5777 760 5823 ut
794 5768 1089 5834 Potestatcs
1113 5790 1166 5835 et
1199 5783 1375 5836 mundi
1404 5783 1650 5841 dominos
1675 5826 1690 5856 ,
1719 5802 1802 5842 re-

907 379 1174 437 CONTRA
1204 377 1337 437 EOS
1373 380 1490 448 QUI
1529 381 2142 447 SUBINTRODUC'IAS
2165 387 2444 446 HABENT
2487 391 2816 454 VIRGINES.

1931 507 2109 556 ctores
2153 501 2342 559 harum
2389 507 2732 566 tenebrarum
2780 513 2834 566 in
2877 513 3190 569 servitutem
3231 508 3516 580 (ineamus,

1930 597 1989 642 ut
2016 590 2310 659 spiritualia
2338 595 2554 650 malitia:
2595 596 2840 668 fugemus
2861 639 2879 664 ,
2920 610 2979 656 ut
3021 602 3197 672 ignem
3226 605 3515 673 spirenms,

1932 687 1989 733 ut
2013 680 2079 733 ad
2110 683 2446 750 quotidianas
2474 695 2673 741 mortes
2704 690 2872 757 parati
2903 692 3091 746 simus.
3141 691 3369 762 Propter
3414 693 3515 747 hoc

1933 770 2106 825 induit
2149 788 2246 828 nos
2290 773 2522 830 thorace
2562 777 2818 846 justitiaa,
2865 791 3081 850 propter
3107 781 3397 838 hoccinxit
3423 799 3522 840 nos

1931 877 2065 916 zona
2094 864 2333 918 veritatis
2352 907 2367 933 ,
2400 876 2614 937 propter
2642 869 2744 924 hoc
2775 870 3036 944 imposuit.
3065 873 3271 942 galeam
3309 874 3518 938 salutis,

1932 962 2160 1022 propter.
2193 954 2295 1009 hoc
2342 958 2504 1025 pedes
2559 969 2775 1014 nostros
2827 962 3081 1016 calceavit
3123 965 3517 1033 prmparatione

1931 1046 2190 1113 evangelii
2221 1047 2386 1116 pacis,
2421 1059 2473 1102 et
2503 1050 2722 1104 tradidit
2745 1051 2980 1122 gladium
3011 1053 3231 1121 spiritus
3253 1095 3268 1119 ,
3300 1064 3520 1124 propter

1927 1132 2035 1188 hoc
2065 1136 2239 1205 ignem
2290 1139 2533 1193 accendit
2579 1141 2632 1194 in
2672 1143 2874 1197 nostris
2913 1142 3214 1198 animabus.
3266 1144 3323 1199 Si
3363 1145 3525 1215 igitur

1932 1224 2156 1279 militem
2179 1226 2410 1295 aliquem
2443 1237 2722 1300 postquam
2755 1230 2989 1286 induerit
3015 1232 3219 1301 galeam
3244 1272 3260 1300 ,
3295 1247 3520 1297 ocreas,

1935 1313 2204 1370 thoracem
2230 1359 2245 1382 ,
2300 1328 2578 1387 postquam
2625 1323 2894 1390 acceperit
2933 1323 3209 1393 gladium,
3257 1325 3522 1391 lanceam,

1932 1414 2162 1472 scutum,
2201 1407 2301 1462 tela
2321 1451 2336 1474 ,
2369 1411 2586 1479 sagittas
2608 1453 2623 1478 ,
2656 1411 2963 1481 pharetram
2983 1456 2998 1480 ,
3028 1416 3152 1469 tuba
3181 1414 3292 1484 jam
3317 1415 3522 1470 clarum

1933 1509 2158 1554 sonante
2185 1509 2238 1554 et
2263 1516 2453 1556 omnes
2481 1513 2740 1557 evocante
2763 1546 2777 1570 ,
2816 1505 3060 1560 hostibus
3087 1522 3284 1577 magno
3322 1506 3523 1576 impetu

1933 1589 2274 1644 saevientibus
2300 1598 2355 1644 et
2390 1592 2658 1647 civitatem
2686 1609 2716 1647 a
2745 1595 3100 1649 fundamentis
3127 1607 3370 1651 evertere
3401 1612 3520 1651 mo-

1933 1677 2188 1732 lientibus
2214 1721 2228 1745 ,
2274 1679 2485 1734 videres
2530 1696 2637 1735 non
2670 1683 2719 1736 in
2750 1698 2939 1752 agmen
2969 1685 3114 1738 foras
3144 1699 3361 1740 currere
3383 1727 3398 1751 ,
3427 1685 3524 1740 sed

1935 1769 1988 1823 in
2025 1770 2244 1824 domum
2287 1771 2530 1840 ingredi,
2562 1783 2616 1827 et
2643 1775 2851 1831 mulieri
2887 1775 3126 1830 assidere
3159 1791 3279 1830 cum
3307 1776 3472 1832 armis
3508 1794 3521 1830 :

1929 1876 1998 1915 an
2027 1878 2153 1926 non,
2184 1864 2227 1917 si
2251 1865 2411 1918 modo
2440 1864 2645 1928 liceret,
2675 1868 2852 1937 gladio
2875 1868 3112 1923 medium
3139 1869 3523 1935 transfoderes,

1935 1968 2000 2005 ne
2029 1968 2277 2008 sermone
2303 1955 2517 2023 quidem
2544 1972 2664 2010 eum
2692 1957 2974 2027 dignatus?
3013 1962 3081 2013 At
3105 1961 3150 2014 si
3186 1968 3241 2015 tu
3269 1970 3414 2015 tanta
3446 1963 3524 2017 ira

1934 2040 2183 2109 impletus
2208 2057 2288 2108 es,
2321 2045 2590 2113 quomodo
2619 2056 2772 2115 putas
2805 2049 2970 2102 Deum
2997 2049 3048 2103 in
3079 2051 3248 2105 multo
3275 2053 3523 2122 turpiori-

1933 2131 2031 2186 bus
2057 2149 2185 2204 erga,
2229 2150 2326 2190 nos
2364 2135 2543 2190 afﬁci?
2594 2137 2764 2192 Tanto
2802 2140 2945 2194 enim
2985 2143 3218 2210 turpiora
3248 2153 3302 2197 et
3331 2144 3522 2198 absur—

1932 2222 2080 2276 diora
2108 2234 2231 2278 sunt
2260 2225 2376 2280 hznc
2404 2242 2562 2296 quam
2600 2229 2707 2294 illa,
2751 2239 2950 2298 quanto
2977 2242 3027 2285 et
3057 2234 3270 2302 gravius
3301 2234 3519 2300 bellum,

1933 2323 1988 2366 et
2013 2313 2196 2368 hostes
2235 2317 2645 2372 truculentiores
2669 2358 2685 2384 ,
2731 2327 2785 2373 et
2812 2322 3026 2389 praemia
3061 2337 3156 2392 pro
3182 2324 3374 2392 quibus
3403 2323 3523 2380 bel-

1934 2405 2073 2460 latur
2099 2408 2298 2477 majora
2321 2451 2336 2476 ,
2381 2420 2436 2465 et
2474 2409 2532 2466 in
2559 2426 2770 2466 summa
2799 2414 2977 2467 omnia
3015 2423 3219 2469 tantum
3249 2425 3526 2471 transcen-

1931 2496 2084 2563 dunt,
2113 2508 2367 2566 quantum
2403 2503 2648 2558 umbram
2679 2503 2898 2557 veritas.
2946 2502 3128 2574 Itaque
3155 2519 3223 2559 ne
3249 2505 3524 2562 effemine-

1932 2603 2054 2642 mus
2084 2589 2251 2644 robur
2286 2601 2525 2647 nostrum
2553 2636 2567 2662 ,
2624 2608 2691 2648 ne
2715 2593 3056 2649 succidamus
3087 2611 3280 2652 nervos
3310 2606 3524 2653 nostros

1932 2679 2046 2733 istis
2073 2676 2588 2740 conversationibus.
2623 2684 2843 2741 Etenim
2876 2686 3098 2741 multam
3127 2696 3183 2740 et
3209 2687 3522 2744 immensam

1931 2769 2207 2827 animabus
2233 2775 2430 2830 nostris
2458 2776 3011 2833 instillantmalitiam.
3035 2776 3171 2842 Quid
3199 2779 3342 2833 enim
3363 2779 3523 2834 etiam

1929 2861 1973 2914 si
2020 2878 2124 2914 non
2163 2866 2460 2921 sentiamus
2509 2883 2693 2924 amore
2737 2867 2915 2922 t-brii?
2973 2868 3115 2923 Istuc
3153 2871 3294 2924 enim
3346 2872 3522 2941 ipsum

1929 2952 2167 3004 omnium
2201 2964 2282 3006 est
2309 2955 2462 3025 longe
2481 2959 2878 3026 gravissimum,
2899 2958 3039 3026 quod
3071 2961 3375 3015 nesciamus
3391 2977 3523 3032 quo-

1929 3041 2090 3095 modo
2116 3059 2450 3110 enervcmur,
2482 3063 2712 3119 ceraque
2741 3049 2889 3106 omni
2923 3050 3196 3105 molliores
3212 3052 3519 3108 rcddamur.

1927 3131 2060 3186 Nam
2092 3134 2227 3188 sicut
2254 3137 2296 3188 si
2329 3137 2448 3205 quis
2476 3139 2684 3194 leonem
2714 3143 3008 3214 superbum
3041 3151 3095 3196 et
3133 3150 3280 3197 torve
3309 3145 3523 3199 intuen-

1928 3231 2033 3277 tem
2057 3226 2308 3294 arripiat,
2338 3237 2392 3281 et
2413 3229 2570 3297 jubas
2599 3231 2822 3288 abradat
2846 3275 2860 3299 ,
2903 3236 3099 3289 dentes
3122 3235 3352 3287 excutiat
3373 3276 3387 3300 ,
3424 3251 3522 3291 un—

1927 3331 2056 3384 gues
2097 3327 2378 3387 amputet,
2433 3331 2751 3393 turpemque
2793 3325 2950 3380 faciat
2996 3340 3050 3383 et
3098 3324 3418 3390 ridiculum.
3467 3339 3521 3381 et

1928 3405 2220 3460 terribilem
2252 3407 2401 3462 illum
2424 3420 2478 3464 et
2505 3411 2894 3470 intolerabilem
2919 3423 2975 3468 et
2999 3421 3312 3489 rugitu-solo
3333 3419 3511 3478 omnia

1926 3497 2321 3553 concutientem
2349 3540 2364 3564 ,
2411 3499 2566 3555 facile
2597 3513 2626 3555 a
2659 3519 2824 3572 puero
2866 3507 3226 3574 superabilem
3274 3512 3462 3567 reddat
3495 3532 3508 3568 :

1927 3587 1998 3640 ita
2024 3597 2076 3642 et
2106 3589 2208 3644 illa:
2247 3606 2380 3659 quos
2410 3593 2627 3662 capiunt
2655 3611 2840 3650 omnes
2876 3608 3128 3666 superato
3173 3601 3353 3656 faciles
3390 3603 3512 3658 red-

1927 3676 2057 3730 dunt
2097 3678 2340 3746 diabolo,
2374 3683 2646 3737 molliores
2670 3725 2684 3749 ,
2713 3688 3124 3755 concitatiores,
3155 3691 3509 3759 impudentes,

1928 3769 2422 3841 inconsiderantes,
2473 3776 2757 3831 iracundos
2781 3820 2796 3844 ,
2835 3779 3067 3835 audaces
3092 3823 3107 3847 ,
3155 3783 3510 3856 importunus,

1928 3860 2188 3927 humiles,
2215 3864 2482 3933 abjeetos,
2516 3867 2796 3933 crudeles,
2832 3871 3143 3938 illiberales,
3175 3876 3508 3941 temerarios,

1927 3966 2156 4020 nugaces
2182 3993 2198 4020 ,
2251 3964 2304 4008 et
2334 3955 2384 4008 in
2414 3972 2623 4012 summa
2652 3960 2872 4013 omnino
2914 3973 3195 4032 corruptos
3229 3965 3510 4024 mulierum

1924 4055 2103 4096 mores
2147 4043 2197 4095 in
2245 4045 2477 4099 animam
2525 4047 2737 4102 illorum
2775 4049 3070 4106 immittunt
3117 4062 3172 4107 et
3219 4054 3478 4112 inferunt.

2000 4133 2085 4184 ll.
2127 4131 2336 4188 Etenim
2380 4135 2494 4191 ﬁeri
2535 4153 2640 4192 non
2671 4147 2847 4207 potest
2879 4143 3083 4197 mulieri
3115 4143 3509 4200 cohabitantem

1925 4229 2044 4274 cum
2078 4231 2224 4276 tanto
2249 4224 2461 4290 affectu,
2494 4236 2548 4281 et
2580 4228 2787 4284 illarum
2818 4234 3315 4289 conversationibus
3341 4237 3509 4292 emol.

1923 4309 2094 4373 litum,
2125 4328 2229 4366 non
2252 4329 2369 4368 esse
2385 4317 2756 4373 circulatorem
2777 4331 2827 4374 et
2848 4319 3114 4377 forensem
3139 4333 3192 4378 et
3211 4325 3507 4380 sordidum.

1923 4399 2053 4453 Nam
2084 4403 2125 4454 si
2158 4403 2281 4472 quid
2307 4405 2560 4474 loquitur,
2593 4409 2660 4464 de
2681 4413 2997 4468 stamiuibus
3015 4423 3067 4468 et
3094 4415 3226 4470 lanis
3253 4417 3508 4487 loquitur,

1923 4489 2097 4558 lingua
2127 4493 2242 4561 ejus
2269 4496 2515 4550 muliebri
2563 4499 2882 4568 loquacitate
2930 4504 3165 4578 infecta;
3197 4516 3251 4561 et
3295 4509 3340 4562 si
3383 4511 3506 4580 quid

1923 4581 2081 4647 facit,
2132 4586 2230 4636 hoc
2270 4601 2457 4655 magna
2498 4591 2795 4645 servilitate
2826 4604 3111 4664 operatur,
3166 4609 3220 4652 et
3266 4601 3502 4669 seipsum

1921 4673 2159 4741 procula
2192 4674 2494 4732 Christiana
2518 4679 2764 4736 libertate
2790 4684 3015 4755 sejungit
3043 4728 3056 4751 ,
3111 4688 3177 4742 ad
3225 4690 3356 4744 nihil
3397 4694 3513 4745 exi-

1922 4763 2083 4816 mium
2133 4776 2222 4820 aut
2272 4769 2586 4836 prmclarum
2635 4773 2798 4827 utilis.
2829 4774 2959 4828 Nam
2989 4792 3108 4830 cum
3136 4778 3202 4832 ad
3224 4781 3508 4838 saecularcs

1921 4863 1975 4908 et
2000 4856 2181 4909 civiles
2209 4873 2293 4911 res
2325 4858 2596 4914 hominum
2630 4863 2828 4917 inutilis
2858 4867 2928 4919 sit
2957 4876 3009 4920 et
3056 4869 3251 4922 nullius
3299 4870 3495 4941 frugis,

1922 4948 2086 4999 multo
2111 4951 2277 5018 magis
2322 4951 2386 5002 ad
2436 4954 2853 5021 magnitudinem
2901 4973 3075 5010 rerum
3122 4961 3505 5030 Spiritualium,

1919 5054 2036 5106 quae
2070 5049 2214 5093 tanto
2242 5043 2613 5111 generosiores
2643 5046 2784 5099 viros
2815 5048 3112 5114 requirunt,
3142 5059 3198 5103 ut
3227 5065 3294 5105 ne
3318 5053 3504 5122 attingi

1918 5131 2128 5199 quidem
2164 5135 2388 5200 possint,
2425 5136 2522 5188 nisi
2555 5135 2622 5189 ab
2650 5137 2713 5190 iis
2743 5138 2830 5206 qui
2860 5138 2925 5192 ad
2967 5154 3058 5193 eas
3107 5141 3378 5196 transituri
3407 5160 3506 5197 an-

1918 5224 2021 5292 geli
2055 5241 2117 5278 ex
2154 5225 2455 5281 hominibus
2485 5229 2632 5282 fiant.
2668 5231 2782 5284 Non
2818 5233 2913 5300 ipsi
2941 5242 3118 5288 autem
3161 5236 3332 5290 solum
3359 5246 3507 5292 tanto

1917 5317 2057 5388 malo
2082 5317 2402 5386 afficiuntur,
2435 5322 2528 5375 sed
2558 5330 2610 5375 et
2639 5324 2740 5376 illis
2771 5341 2983 5378 morum
3012 5328 3372 5394 pessimorum
3405 5347 3502 5384 au-

1915 5415 2092 5460 ctores
2120 5407 2270 5462 fiunt.
2322 5411 2453 5464 Nam
2481 5414 2928 5481 quemadmodum
2967 5417 3041 5470 illi
3069 5417 3160 5488 qui
3193 5419 3309 5474 istis
3348 5422 3502 5478 valde

1916 5499 2123 5565 placere
2155 5501 2356 5567 volunt,
2377 5503 2534 5557 ofﬁcii
2562 5505 2642 5557 sui
2670 5507 2928 5560 rationem
2957 5507 3248 5578 negligant,
3281 5511 3351 5566 ita
3374 5513 3503 5581 ipsa:

1915 5599 2130 5658 propter
2156 5591 2277 5645 illos
2307 5608 2334 5646 a
2369 5595 2452 5646 via
2485 5596 2501 5625 ¹
2535 5594 2635 5647 sibi
2685 5599 3018 5653 convenienti
3062 5601 3335 5668 aberrant,
3383 5618 3495 5656 ma-

1914 5688 2016 5740 lam
2040 5699 2093 5742 et
2113 5690 2461 5758 perniciosam
2483 5694 2708 5750 invicem
2733 5699 3044 5757 exhibentes
3067 5703 3499 5762 retributionem.

1981 5812 1996 5841 ¹
2033 5812 2103 5861 sic
2125 5807 2378 5871 i;1.\torel.,
2409 5806 2498 5857 sed
2518 5806 2677 5870 savil.,
2705 5822 2735 5858 a
2756 5811 2959 5872 pudore.
