4264 6312
776 330 871 385 511

776 437 987 495 Etenim
1014 454 1073 494 se
1097 450 1291 494 ornant
1319 439 1603 503 curiosius,
1630 437 1994 492 delicatiorum
2029 436 2256 503 vestium
2300 443 2357 488 et

773 529 1015 584 incessus
1040 530 1257 583 multam
1280 544 1463 582 curam
1497 529 1708 593 habent,
1754 537 1809 581 et
1833 543 1952 597 qua:
1981 542 2087 581 non
2121 526 2246 581 licet
2274 535 2355 579 to-

770 626 823 671 ta
869 617 956 671 die
984 629 1283 687 nugantur:
1317 633 1438 671 nam
1479 618 1600 686 quia
1636 617 1819 671 vident
1864 616 1946 670 bis
1993 616 2355 684 incompositis

771 708 1012 761 moribus
1032 718 1085 761 et
1107 708 1280 761 verbis
1304 707 1576 771 ohlectari,
1610 708 1787 760 omnia
1807 708 2039 760 studiose
2060 715 2346 768 sectantur,

772 812 867 866 per
894 813 1012 866 qua:
1040 799 1182 866 ipsos
1212 798 1263 851 in
1295 799 1549 851 servitute
1578 797 1901 851 contineant.
1933 795 2048 849 iam
2094 796 2138 849 si
2169 796 2350 847 volue-

768 888 936 939 rimus
959 888 1231 956 paulisper
1256 888 1590 956 resipiscere,
1623 896 1678 941 et
1720 886 1884 939 nostri
1931 886 2164 954 ipsorum
2206 900 2344 952 esse,

764 985 821 1029 et
850 977 968 1031 illas
994 977 1319 1031 lucrabimur
1338 1019 1353 1042 ,
1398 987 1463 1035 et
1496 992 1590 1031 nos
1631 977 1772 1044 ipsos
1794 985 1847 1030 et
1871 975 2006 1029 alios
2035 990 2221 1031 omnes
2248 994 2260 1028 :
2293 986 2347 1029 et

766 1066 906 1119 sicut
939 1080 1078 1119 nunc
1102 1066 1413 1134 perditionis
1442 1067 1728 1119 multorum
1759 1066 1835 1119 rei
1866 1049 1986 1120 facti
2023 1080 2203 1118 sumus
2224 1103 2242 1130 ,
2269 1064 2346 1117 sic

761 1161 819 1207 et
844 1168 875 1206 a
904 1155 1190 1209 multorum
1221 1156 1389 1209 salute
1426 1165 1549 1209 tunc
1577 1156 1876 1209 mercedem
1908 1156 2263 1222 accipiemus;
2293 1162 2347 1208 et

764 1245 955 1313 quibus
986 1261 1126 1299 nunc
1149 1247 1379 1315 potimur
1410 1246 1633 1315 turpiter
1653 1288 1667 1310 ,
1722 1246 1824 1299 illis
1868 1246 2108 1299 fruemur
2152 1260 2345 1313 magno

768 1351 888 1390 cum
918 1337 1138 1414 honore.
1162 1338 1270 1395 Cur
1295 1338 1437 1391 enim
1462 1339 1539 1391 vis
1568 1337 1815 1392 ltOnorari
1844 1337 2234 1410 amulieribus,
2258 1337 2345 1391 die

766 1424 894 1479 mihi
916 1426 937 1479 ’ἒ
964 1427 1189 1482 Maxime
1215 1427 1486 1496 indignum
1515 1426 1616 1483 hoc
1636 1438 1717 1481 est
1735 1428 1850 1481 viro
1865 1424 2144 1495 spirituali,
2164 1443 2343 1489 amare

765 1517 922 1570 talem
952 1517 1213 1572 honorem
1238 1536 1252 1585 ;
1287 1530 1649 1574 verumtamen
1681 1530 1737 1574 et
1762 1529 1891 1574 tunc
1918 1520 2108 1586 aderit,
2130 1521 2340 1589 quando

763 1622 867 1661 nou
896 1622 1194 1676 quaeremus
1249 1609 1439 1678 ipsum.
1487 1610 1631 1665 Solet
1677 1610 1818 1663 enim
1865 1610 2025 1663 homo
2068 1610 2341 1679 despicere

762 1712 854 1751 cos
871 1698 956 1765 qui
980 1714 1037 1751 se
1056 1699 1257 1763 colunt,
1282 1701 1401 1753 etin
1421 1700 1768 1753 admiratione
1795 1699 1989 1753 habere
2014 1714 2108 1753 eos
2125 1701 2213 1769 qui
2236 1716 2339 1753 non

762 1788 1081 1843 adulantur:
1115 1792 1198 1843 cui
1224 1792 1304 1844 rei
1333 1791 1607 1845 muliebris
1653 1800 1838 1845 natura
1894 1793 2061 1860 magis
2110 1793 2339 1846 obnoxia

762 1890 865 1933 est.
895 1880 1025 1933 Nam
1050 1882 1092 1935 si
1126 1882 1230 1935 illis
1254 1883 1373 1951 quis
1403 1882 1668 1946 adulelur,
1704 1882 2051 1936 intolerabilis
2078 1891 2190 1946 est;
2246 1885 2341 1936 ad-

761 1971 983 2023 miratur
1023 1980 1198 2024 autem
1226 1973 1466 2025 omnium
1500 1974 1729 2027 maxime
1772 1988 1886 2038 eos,
1910 1973 1999 2041 qui
2025 1973 2215 2027 cedere
2245 1990 2339 2027 ne-

761 2064 939 2116 sciunt
965 2078 1062 2117 nec
1092 2063 1443 2117 succumbunt
1496 2064 1880 2133 intempestivis
1928 2065 2037 2118 suis
2081 2068 2335 2133 concupi-

757 2153 1011 2205 scentiis:
1043 2163 1092 2207 et
1119 2153 1273 2222 hujus
1299 2168 1394 2207 vos
1422 2154 1549 2207 mihi
1581 2164 1746 2231 testes
1789 2155 1959 2209 eritis.
2003 2155 2151 2209 Nunc
2192 2158 2333 2210 enim

757 2257 861 2297 non
893 2244 1064 2297 solum
1096 2245 1322 2309 externi,
1342 2245 1435 2298 sed
1464 2254 1517 2299 et
1539 2246 1665 2314 ipsa:
1687 2261 1897 2315 quoque
1925 2247 2336 2302 contubernales

757 2349 851 2389 vos
880 2335 1117 2399 irrident,
1152 2337 1250 2390 etsi
1275 2352 1379 2390 non
1418 2338 1719 2399 manifeste,
1748 2348 1893 2392 certe
1934 2347 2106 2392 tamen
2133 2340 2183 2392 in
2206 2354 2335 2392 con-

752 2426 973 2478 scientia
1001 2465 1015 2489 ,
1069 2427 1460 2496 glorianturque
1507 2427 1605 2481 hac
1647 2427 1775 2482 dura
1828 2429 2151 2499 tyrannide;
2211 2440 2334 2483 tunc

753 2522 927 2567 autem
944 2520 1159 2569 omnino
1177 2532 1268 2570 vos
1293 2517 1713 2583 admirabuntur,
1746 2529 1797 2572 et
1816 2531 2044 2575 vestram
2076 2522 2332 2589 obstupe-

752 2613 906 2657 scent
926 2607 1241 2661 libertatem.
1262 2607 1413 2674 Quod
1435 2607 1480 2661 si
1506 2609 1701 2663 nostris
1724 2610 2060 2663 sermonibus
2090 2625 2194 2664 non
2218 2628 2333 2665 cre—

753 2694 897 2756 ditis,
924 2695 1041 2749 illas
1068 2696 1208 2764 ipsas
1233 2696 1577 2767 interrogate,
1602 2708 1751 2752 utros
1800 2700 1965 2769 magis
2015 2700 2228 2754 laudent
2278 2712 2333 2755 et

752 2783 1069 2851 approbent,
1092 2801 1160 2838 an
1191 2801 1285 2839 eos
1315 2788 1403 2855 qui
1436 2787 1695 2847 serviunt.
1726 2803 1792 2842 an
1822 2791 1911 2859 qui
1936 2789 2277 2843 dominantur
2312 2807 2328 2846 :

750 2875 1038 2944 subjectos,
1072 2886 1125 2931 et
1153 2879 1241 2947 qui
1276 2880 1452 2933 omnia
1480 2878 1681 2934 faciunt
1710 2890 1761 2935 et
1787 2883 2060 2950 patiuntur
2084 2884 2133 2935 in
2190 2884 2331 2952 ipsa-

754 2982 871 3021 rum
916 2970 1159 3037 gratiam,
1190 2971 1272 3023 vel
1302 2971 1390 3039 qui
1424 2972 1553 3025 nihil
1584 2971 1771 3026 horum
1805 2972 1994 3037 ferunt,
2050 2984 2104 3028 et
2155 2976 2331 3045 pravis

748 3074 930 3112 earum
960 3075 1146 3128 parere
1174 3056 1438 3115 mandatis
1464 3062 1805 3116 erubescunt.
1854 3062 1921 3116 Et
1963 3064 2007 3118 si
2035 3063 2214 3117 volent
2248 3065 2331 3119 di-

746 3164 869 3203 cere
899 3166 1102 3215 verum,
1130 3153 1350 3206 omnino
1377 3152 1516 3217 illos,
1548 3152 1947 3222 respondebunt
1975 3171 1987 3204 :
2020 3154 2127 3207 imo
2155 3169 2327 3223 neque

747 3254 1007 3307 responso
1034 3256 1188 3308 opus,
1237 3242 1399 3295 rebus
1448 3243 1583 3296 istuc
1629 3243 1800 3312 ipsum
1830 3244 2203 3298 clamantibus.
2260 3247 2329 3298 At

747 3332 1032 3399 voluptatis
1059 3334 1224 3402 gratia
1256 3334 1345 3401 qui
1376 3334 1852 3404 cohabitatopibus
1884 3337 2083 3402 inhiat,
2137 3338 2321 3392 oculos

752 3437 972 3488 pascens
998 3423 1260 3492 virginum
1300 3427 1622 3493 aspectibus.
1663 3428 1811 3481 Licet
1853 3429 2083 3483 maxime
2114 3430 2327 3498 quidem

746 3512 847 3566 hoc
874 3516 941 3568 ita
984 3530 1041 3567 se
1065 3515 1303 3583 haberet,
1354 3527 1531 3572 tamen
1562 3529 1776 3589 propter
1803 3519 1905 3575 hoc
1946 3522 2115 3589 ipsum
2148 3522 2327 3592 fugere

744 3607 1068 3673 oportebat:
1110 3622 1248 3662 nunc
1301 3619 1477 3664 autem
1527 3610 1679 3665 vobis
1724 3614 1855 3674 satis
1901 3613 2324 3668 demonstratum

746 3706 830 3751 est
857 3699 1007 3766 quod
1026 3714 1189 3763 suave
1220 3699 1321 3753 hoc
1352 3716 1455 3754 non
1484 3703 1590 3767 sit,
1649 3703 1745 3757 sed
1777 3704 1930 3772 plane
1973 3705 2322 3773 contrarium,

744 3787 789 3840 si
816 3789 935 3857 quis
963 3789 1060 3844 hac
1085 3792 1536 3861 contemplatione
1581 3809 1684 3847 non
1735 3794 1974 3851 fruatur:
2020 3804 2075 3851 et
2119 3799 2175 3851 iu
2220 3796 2326 3852 illis

745 3878 961 3947 adjicito
991 3880 1143 3935 bona:
1173 3883 1516 3937 conscientiae
1541 3884 1799 3939 hetitiam.

820 3969 969 4023 Ni/tit
983 3972 1054 4023 sic
1082 3973 1332 4025 exliilarat
1354 3985 1407 4026 ut
1432 3975 1733 4028 conscientia
1756 3974 1903 4030 bona.
1928 4006 2002 4018 —
2020 3977 2160 4034 Nihil
2183 3979 2323 4034 enim

746 4078 842 4115 nos
868 4062 945 4115 sic
976 4063 1274 4120 exhilarare
1304 4066 1460 4131 solet,
1495 4077 1551 4121 ut
1578 4070 1899 4125 conscientia
1941 4088 2070 4141 pura
2102 4082 2155 4128 et
2185 4074 2326 4130 bona

749 4166 892 4219 spes.
923 4152 1028 4206 Sed
1052 4155 1244 4221 quietis
1291 4158 1456 4225 gratia
1485 4157 1588 4212 hoc
1632 4158 1897 4229 inquiris?
1937 4161 2053 4216 iam
2097 4163 2320 4219 demon-

748 4250 971 4294 stratum
991 4252 1073 4296 est
1095 4243 1236 4312 quod
1264 4243 1365 4298 hoc
1392 4244 1597 4301 facilius
1622 4259 1784 4315 esset,
1804 4249 1845 4304 si
1868 4249 2031 4305 frater
2048 4252 2324 4307 cohabita-

748 4342 831 4386 ret
860 4351 871 4386 ε
905 4350 967 4389 ac
1016 4352 1157 4391 nunc
1209 4337 1340 4391 nihil
1393 4354 1422 4393 a
1469 4354 1623 4395 servo
1651 4341 1852 4409 dili‘ers,
1884 4352 1937 4398 et
1965 4360 2211 4414 qurerens
2236 4362 2325 4401 re-

745 4427 947 4495 quiem,
977 4430 1287 4483 servitutem
1320 4431 1565 4485 invenisti
1602 4435 1971 4502 gravissimam
2002 4455 2014 4489 :
2048 4432 2169 4490 eum
2198 4452 2326 4493 vero

748 4516 999 4572 immunis
1027 4519 1093 4573 ab
1124 4520 1225 4574 hoc
1248 4522 1547 4578 ministerio
1575 4524 1756 4590 fueris,
1792 4536 1900 4579 tum
1932 4528 2037 4582 eris
2068 4529 2207 4583 inter
2230 4544 2324 4585 eos

746 4610 837 4676 qui
864 4609 1146 4677 imperant,
1182 4626 1284 4665 non
1315 4614 1507 4682 quibus
1539 4617 1847 4683 imperatur.
1874 4616 2035 4686 Igitur
2054 4620 2097 4673 si
2128 4620 2197 4673 ibi
2228 4636 2324 4689 pro

746 4697 1019 4768 voluptate
1044 4716 1276 4777 maeror,
1309 4712 1363 4757 et
1398 4719 1493 4773 pro
1541 4706 1703 4774 gloria
1739 4707 2009 4771 confusio,
2036 4720 2091 4764 et
2134 4727 2228 4780 pro
2258 4715 2324 4769 li-

746 4789 950 4846 bertate
985 4794 1241 4860 servitus,
1288 4806 1341 4849 et
1367 4811 1460 4865 pro
1488 4799 1666 4867 requie
1693 4800 1858 4863 labor,
1887 4810 1940 4855 et
1969 4804 2227 4859 accedunt
2256 4807 2321 4860 ad

747 4879 863 4935 hare
887 4882 1026 4949 quod
1049 4892 1102 4936 et
1133 4884 1269 4938 Deus
1293 4885 1709 4955 blasphematur,
1761 4900 1813 4943 et
1842 4900 1982 4945 tanta
2009 4894 2235 4961 perditio
2261 4912 2324 4950 ac

748 4970 1014 5038 scandala,
1048 4981 1098 5025 et
1122 4973 1433 5027 immortalis
1464 4991 1641 5045 poena,
1674 4988 1727 5032 et
1772 4981 2113 5048 plurimorum
2160 4985 2323 5038 hono-

742 5075 859 5114 rum
902 5063 1155 5128 amissio;
1215 5063 1299 5118 hic
1342 5077 1518 5120 autem
1570 5071 1835 5125 contraria
1880 5074 2080 5137 omnia,
2132 5076 2321 5143 gloria,

744 5152 949 5216 honor,
994 5154 1257 5223 voluptas,
1297 5155 1509 5221 ﬁducia,
1560 5159 1798 5224 libertas,
1831 5162 1973 5216 salus
2003 5166 2319 5227 animarum.

742 5244 888 5313 regni
914 5242 1198 5307 hereditas,
1220 5260 1389 5315 pteme
1412 5247 1661 5314 eﬂugium
1690 5267 1703 5303 :
1738 5252 1887 5320 cujus
1917 5255 1991 5307 rei
2023 5256 2187 5324 gratia
2218 5271 2323 5311 non

743 5331 867 5387 luce
893 5334 997 5388 illis
1027 5337 1520 5391 commutabimus?
1552 5339 1662 5409 Ego
1685 5352 1827 5395 certe
1849 5345 2047 5409 nescio,
2078 5346 2174 5399 nisi
2200 5348 2319 5416 quis

741 5425 974 5493 scipsum
1002 5427 1225 5495 perdere
1249 5428 1545 5496 desideret;
1576 5432 1676 5485 ulla
1705 5432 1962 5502 siquidem
1991 5436 2143 5489 nobis
2170 5448 2320 5506 post-

742 5514 842 5568 hac
868 5515 1110 5571 defensio
1138 5519 1242 5573 erit
1272 5534 1368 5573 nec
1398 5521 1572 5574 venia.
1600 5521 1654 5577 Si
1681 5524 1845 5585 enim,
1899 5527 2141 5593 quamvis
2185 5528 2317 5583 nihil

742 5606 930 5660 horum
985 5618 1165 5676 esset,
1220 5613 1396 5666 omnia
1441 5621 1616 5668 tamen
1670 5629 1764 5683 pro
1817 5616 1983 5684 gloria
2037 5617 2129 5673 Dei
2181 5620 2320 5675 ferre

741 5701 1037 5770 oportebat,
1058 5716 1179 5759 cum
1208 5712 1259 5761 et
1289 5707 1569 5773 prmsentia
1590 5708 1882 5777 percipere,
1903 5718 1954 5764 ct
1983 5708 2154 5765 futura
2172 5727 2317 5769 asse~

1513 327 1570 380 S.
1612 326 1891 381 JOANNiS
1928 321 2403 381 CIIBYSOSTOMI
2442 319 2762 376 ARCHIEP.
2806 314 3338 377 CONSTANTINOP.

3920 319 4023 377 512

2461 433 2550 503 qui
2599 434 2737 487 bona
2783 432 2971 497 liceat;
3016 449 3112 487 nos
3142 443 3316 487 autem
3366 440 3716 501 praeterquam
3767 432 3909 501 quod
3943 431 4038 487 Dei

2460 523 2627 591 gloria
2656 522 3072 591 blaSphematur,
3103 538 3200 575 nos
3218 523 3363 589 ipsos
3386 524 3545 575 etiam
3570 521 3845 591 perdimus
3870 539 3885 574 :
3914 523 4036 591 quis

2460 626 2557 665 nos
2582 611 2771 679 eripiet
2800 624 2850 665 et
2881 612 3125 666 liberabit
3148 627 3180 665 a
3224 610 3484 681 supplicio
3529 619 3745 683 propter
3784 610 3888 665 hoc
3930 612 4038 665 im-

2460 701 2735 770 minente?
2763 700 2948 755 Nullus
2969 716 3118 754 sane.

2530 789 2617 843 12.
2641 790 2829 843 Omnia
2871 790 3029 859 igitur
3062 791 3175 844 lucc
3203 786 3475 844 nobiscum
3499 790 3913 862 perpendentes,
3948 790 4038 842 vel

2455 879 2817 934 serotandem
2851 895 3157 949 reparemus
3186 883 3480 934 animarum
3510 883 3757 934 salutem.
3790 880 3944 948 Quod
3989 880 4041 933 si

2453 970 2579 1039 quid
2608 970 2932 1026 difﬁcultatis
2978 970 3139 1024 habet
3162 971 3340 1026 divelli
3364 988 3395 1025 a
3426 972 3579 1040 longa
3618 971 4032 1037 consuetudine,

2452 1063 2504 1115 vi
2534 1063 2793 1116 ratiocinii
2823 1079 2924 1117 una
2948 1078 3066 1117 eum
3100 1063 3189 1117 Dei
3218 1065 3387 1132 gratia
3413 1064 3515 1117 hoc
3555 1073 3721 1115 totum
3754 1064 4035 1131 permitta-

2452 1169 2591 1217 mus,
2618 1163 2671 1208 et
2708 1154 2835 1208 illud
2860 1155 3010 1208 nobis
3038 1155 3469 1223 persuadeamus,
3525 1156 3604 1208 vel
3635 1156 3680 1209 si
3712 1154 4034 1223 principium

2450 1244 2622 1299 solum
2650 1246 2985 1314 imponamus
3013 1246 3181 1314 operi,
3212 1261 3317 1299 non
3350 1246 3484 1297 ultra
3515 1246 3721 1298 visuros
3746 1260 3843 1297 nos
3885 1244 4037 1298 difﬁ-

2449 1338 2701 1391 cultatem
2730 1356 2741 1390 :
2772 1338 2849 1391 sic
2867 1336 3122 1391 adversus
3139 1338 3576 1390 consuetudinem
3603 1335 4031 1403 praevalebimus.

2448 1428 2579 1483 Nam
2608 1430 2650 1483 si
2675 1429 2858 1483 decem
2884 1429 2995 1483 dies
3025 1437 3074 1483 te
3101 1429 3446 1503 abstraxeris,
3498 1426 3705 1481 facilius
3755 1426 3894 1482 feres
3946 1428 4029 1479 vi-

2446 1520 2600 1586 ginti,
2637 1530 2689 1573 et
2736 1520 2925 1574 iterum
2980 1519 3061 1574 bis
3088 1524 3295 1580 tantos;
3345 1518 3643 1587 deindeque
3674 1518 3871 1572 sensim
3906 1532 4029 1585 pro-

2447 1610 2693 1678 grediens
2743 1626 2912 1679 neque
2938 1612 3135 1664 senties
3171 1610 3535 1663 difﬁcultatem
3588 1624 3745 1678 quam
3797 1608 4031 1660 habuisti

2448 1700 2619 1762 initio,
2656 1701 2965 1769 videbisque
2995 1700 3302 1754 facillimum
3330 1699 3492 1763 factu,
3534 1698 3675 1768 quod
3705 1708 3779 1751 tot
3828 1712 4031 1766 agones

2448 1792 2594 1859 prius
2624 1790 2967 1859 exposcebat,
2999 1799 3054 1843 et
3084 1791 3135 1843 in
3167 1791 3323 1843 aliam
3376 1799 3425 1842 te
3456 1789 3742 1842 transferes
3795 1802 4027 1841 consue-

2449 1882 2707 1942 tudinem,
2766 1882 3045 1958 inveniens
3071 1879 3209 1932 haud
3233 1880 3300 1931 ita
3324 1894 3538 1947 gravem
3569 1878 3971 1932 translationem
4008 1890 4027 1929 :

2448 1985 2622 2039 neque
2653 1969 2703 2023 id
2726 1984 2818 2038 per
2844 1968 3282 2023 consuetudinem
3301 1968 3491 2031 solum,
3523 1966 3617 2021 sed
3636 1975 3687 2019 et
3717 1981 3809 2034 per
3829 1967 4027 2018 bonam

2443 2076 2593 2127 spem
2640 2062 2927 2127 continget.
2974 2060 3063 2113 Sic
3090 2068 3140 2113 te
3172 2060 3274 2112 illa:
3311 2060 3475 2126 magis
3507 2058 3945 2123 admirabuntur,
3972 2066 4029 2110 et

2445 2149 2587 2203 Deus
2616 2165 2722 2218 pra:
2751 2150 2868 2204 aliis
2890 2158 3166 2218 acceptum
3197 2149 3410 2202 habebit
3434 2190 3447 2210 ,
3507 2157 3561 2202 et
3606 2148 3849 2201 homines
3878 2163 4031 2201 coro-

2444 2239 2669 2305 nabunt,
2702 2240 2955 2309 vivosque
2986 2240 3153 2293 libere
3174 2249 3228 2293 et
3274 2238 3524 2307 jucunde.
3551 2238 3685 2303 Quid
3729 2238 3874 2290 enim
3906 2237 4028 2290 fue-

2443 2331 2513 2384 rit
2534 2332 2770 2397 suavius,
2798 2348 2955 2399 quam
2982 2347 3012 2384 a
3042 2332 3176 2383 mala
3204 2331 3526 2384 conscientia
3561 2330 3794 2393 liberari,
3821 2337 3874 2381 et
3904 2343 4029 2396 per-

2443 2436 2659 2495 petuum
2692 2426 3138 2495 concupiscentim
3182 2426 3377 2479 bellum
3406 2424 3659 2477 dirimere
3685 2465 3699 2485 ,
3748 2433 3802 2476 et
3858 2424 4025 2476 multa

2442 2518 2696 2572 facilitate
2721 2517 2980 2587 insignem
3009 2517 3353 2571 continentia?
3380 2531 3634 2569 coronam
3681 2516 3937 2585 plectere,
3971 2525 4029 2567 ct

2439 2608 2621 2663 liberis
2671 2609 2837 2663 oculis
2888 2610 2939 2662 in
2993 2609 3181 2662 catlum
3228 2608 3517 2675 respicere,
3552 2621 3786 2674 purame
3815 2620 3946 2658 voce
3970 2615 4029 2658 et

2408 2754 2421 2765 ,
2436 2700 2600 2754 corde
2616 2700 2895 2752 Dominum
2914 2699 3279 2752 universorum
3301 2695 3633 2750 invocare?N
3641 2697 3777 2749 ullus
3796 2696 4021 2759 catenis,

2435 2791 2682 2861 squalore
2736 2801 2790 2845 et
2814 2791 2933 2845 aliis
2986 2805 3263 2844 carcerum
3318 2788 3669 2842 incommodis
3715 2799 4019 2855 exemptus,

2437 2883 2545 2937 imo
2572 2883 2749 2937 nullus
2777 2883 2865 2952 qui
2898 2898 3069 2936 czecus
3095 2891 3212 2935 erat
3238 2882 3439 2950 apertis
3469 2881 3659 2945 oculis,
3686 2890 3735 2933 et
3767 2881 3879 2931 visa
3925 2879 4025 2934 hac

2434 2972 2578 3026 dulci
2605 2972 2723 3026 luce
2748 2974 2823 3026 sic
2845 2974 3069 3037 exsulat,
3101 2973 3257 3041 gestit
3278 2981 3333 3025 et
3376 2970 3664 3041 tripudiat,
3711 2983 3767 3023 ut
3812 2972 3899 3039 qui
3953 2970 4024 3024 ab

2439 3062 2537 3116 hac
2557 3063 2811 3117 servitute
2839 3064 3049 3116 liberari
3076 3062 3264 3131 potuit.
3290 3061 3472 3130 Longe
3492 3062 3633 3115 enim
3662 3061 3869 3115 dulcior
3918 3061 4019 3114 hac

2436 3153 2555 3207 luce
2582 3162 2664 3206 est
2683 3152 2927 3206 liberatio
2956 3152 3022 3205 ab
3052 3152 3151 3206 hac
3178 3152 3477 3223 tyrannide,
3530 3161 3583 3205 et
3612 3154 3762 3205 omni
3792 3154 4023 3222 caligine

2433 3246 2648 3314 gravior
2673 3245 2943 3301 servitutis
2969 3244 3105 3299 illius
3131 3254 3186 3299 et
3210 3244 3537 3298 vinculorum
3558 3246 3792 3300 miseria.
3823 3246 4021 3300 Verum

2435 3336 2560 3405 quid
2590 3351 2723 3405 opus
2751 3347 2832 3389 est
2878 3336 3138 3404 prolixius
3181 3335 3455 3404 utriusque
3505 3336 3625 3388 \itre
3656 3336 4021 3392 conditionem

2435 3427 2704 3496 persequi,
2733 3442 2855 3479 cum
2909 3426 2994 3478 illa
3041 3426 3255 3494 quidem
3303 3426 3691 3495 indignitatem,
3728 3427 4017 3489 tristitiam,

2433 3518 2685 3572 damnum
2712 3528 2767 3571 et
2792 3517 3188 3585 corruptionem
3222 3532 3501 3585 magnam;
3553 3518 3667 3572 lucc
3697 3533 3827 3571 vero
3855 3518 4024 3572 liber~

2434 3616 2617 3672 tatem,
2649 3607 2993 3678 voluptatem,
3036 3607 3314 3660 utilitatem
3339 3616 3392 3661 et
3418 3608 3636 3660 multam
3681 3609 4021 3679 prudentiam

2431 3715 2543 3770 prce
2572 3715 2629 3754 se
2651 3699 2817 3753 ferat?
2845 3699 3032 3754 Nullus
3052 3700 3195 3753 enim
3219 3714 3279 3753 ea
3303 3713 3478 3752 sermo
3498 3709 3670 3767 potest
3692 3702 4019 3767 exprimere,

2433 3791 2526 3845 sed
2551 3792 2663 3845 sola
2691 3807 2870 3845 rerum
2902 3791 3255 3859 experientia.
3300 3791 3365 3845 Et
3398 3800 3523 3844 tunc
3554 3792 3719 3860 probe
3764 3793 3947 3846 scietis
3991 3810 4021 3844 a

2433 3884 2626 3954 quibus
2652 3885 2807 3938 malis
2833 3884 3042 3939 liberati
3088 3885 3239 3950 sitis,
3290 3901 3447 3953 quam
3493 3886 3765 3953 assequuti
3816 3887 4024 3940 fueritis

2432 3976 2620 4040 vitam,
2650 3990 2769 4029 cum
2796 3978 2971 4043 reipsa
2999 3975 3152 4029 nobis
3178 3975 3554 4044 obtemperare
3580 3976 3873 4029 volueritis.
3908 3977 4022 4029 0b-

2434 4066 2801 4135 temperabilis
2824 4066 2981 4135 igitur
3008 4080 3127 4119 cum
3157 4080 3319 4134 opere
3377 4066 3490 4134 ipso
3541 4081 3659 4135 qua:
3704 4066 3844 4119 dicta
3895 4076 4024 4121 sunt

2432 4158 2742 4213 didiceritis.
2795 4157 2947 4224 Quod
2980 4158 3022 4212 si
3055 4158 3226 4212 adhuc
3256 4160 3507 4227 respuitis
3529 4200 3541 4223 ,
3585 4169 3637 4212 et
3669 4160 3865 4212 nostris
3908 4176 4026 4215 ser-

2434 4249 2682 4303 monibus
2721 4266 2825 4303 non
2868 4248 3105 4313 creditis,
3141 4248 3466 4319 interrogate
3509 4248 3712 4318 aliquos
3753 4249 3842 4317 qui
3883 4248 4023 4303 hanc

2432 4340 2747 4393 servitutem
2772 4340 2989 4394 tulerint
3024 4339 3329 4409 aliquando,
3381 4350 3433 4394 et
3453 4341 3644 4395 deinde
3692 4340 3903 4395 liberali
3951 4341 4021 4395 ad

2435 4432 2736 4486 libertatem
2765 4433 2956 4486 bonam
2985 4433 3329 4499 recurrerint,
3363 4442 3414 4487 et
3436 4434 3614 4487 scietis
3636 4434 4022 4488 admonitionis

2434 4521 2592 4590 lmjus
2621 4522 2844 4576 lucrum.
2903 4522 3109 4576 Etenim
3134 4530 3189 4575 et
3216 4522 3465 4576 Salomon
3512 4538 3629 4575 cum
3679 4523 4018 4577 saecularium

2432 4629 2611 4668 rerum
2633 4614 3054 4682 concupiscentia
3077 4622 3367 4678 teneretur,
3397 4627 3617 4681 magnas
3643 4629 3733 4668 eas
3759 4624 3814 4667 et
3840 4614 4017 4668 admi-

2433 4705 2626 4758 randas
2645 4705 2877 4773 putabat,
2906 4704 3236 4772 multumque
3264 4703 3315 4756 in
3342 4704 3418 4756 eis
3450 4704 3647 4757 laboris
3674 4713 3726 4757 et
3755 4705 4017 4759 sollicitu-

2432 4796 2571 4857 dinis
2614 4796 2909 4849 insumebat
2941 4794 3246 4864 magniﬁcas
3290 4794 3601 4848 aediﬁcando
3629 4795 3815 4849 domos
3842 4838 3855 4860 ,
3921 4801 4020 4851 in:-

2432 4900 2673 4939 mensum
2702 4885 3066 4938 COQCCl‘ViilldO
3087 4898 3295 4948 aurum,
3320 4884 3692 4955 congregando
3736 4894 4016 4939 ραιιιοτυηι

2430 4976 2654 5039 choros,
2690 4978 2835 5029 varia
2886 4990 3080 5045 genera
3114 4976 3473 5028 ministrorum
3522 4991 3721 5028 mensa:
3767 4986 3818 5028 ct
3868 4980 4020 5046 popi-

2432 5083 2532 5132 nzc,
2560 5066 2849 5136 quaerendo
2876 5066 3066 5119 animm
3095 5081 3205 5120 suae
3249 5066 3577 5136 voluptatent
3617 5068 3685 5121 ab
3736 5067 4017 5123 hortorum

2431 5166 2485 5209 et
2511 5172 2794 5227 corporum
2818 5157 3172 5210 formosorum
3204 5158 3394 5227 gratia,
3450 5167 3505 5211 et
3552 5173 3792 5221 omnem,
3840 5168 3899 5212 ut
3946 5161 4016 5213 ita

2431 5248 2625 5314 dicam,
2659 5248 3030 5303 oblectationis
3051 5258 3104 5302 et
3133 5248 3396 5318 refrigerii
3446 5249 3583 5301 viam
3613 5249 3892 5303 sectando.
3952 5254 4021 5305 At

2431 5340 2517 5393 ubi
2546 5341 2667 5393 inde
2687 5341 2753 5394 ad
2776 5355 2833 5393 se
2854 5356 3096 5394 reversus
3121 5351 3175 5394 et
3193 5341 3342 5408 quasi
3369 5356 3435 5395 ex
3458 5339 3750 5412 ealiginosa
3782 5341 4017 5410 quadam

2431 5432 2624 5503 abysso
2642 5433 2707 5486 ad
2734 5435 2910 5486 lumen
2933 5448 3072 5487 verm
3095 5433 3369 5500 sapientia:
3391 5433 3659 5499 respicere
3676 5432 3863 5497 valuit,
3891 5445 4018 5486 tunc

2430 5526 2712 5579 sublimem
2743 5525 2885 5578 illam
2914 5535 2966 5579 et
2991 5525 3135 5579 caelis
3163 5524 3373 5594 dignam
3402 5525 3577 5579 emisit
3600 5539 3786 5579 vocem
3816 5542 3828 5576 :
3864 5523 4023 5578 Vaut"

2431 5628 2507 5671 tas
2533 5619 2829 5684 vanitatum,
2862 5618 3067 5684 dicens,
3101 5628 3147 5671 et
3176 5620 3344 5672 omnia
3364 5620 3582 5673 vanitas.

2502 5710 2589 5766 i3.
2623 5707 2827 5779 Maiora
2855 5711 3141 5779 prmtanda
3171 5710 3222 5765 in
3253 5727 3380 5767 nova
3408 5712 3515 5782 lege
3535 5752 3551 5782 ,
3580 5728 3732 5783 quam
3762 5714 3813 5765 in
3844 5714 4016 5767 reteri.
