4264 6312
223 311 317 365 5η

218 426 381 486 αὗται
412 429 511 499 τῆς
547 429 934 500 προσηκούσης
983 431 1174 492 αὐταῖς
1220 428 1340 482 ὁδοῦ
1381 442 1405 469 ει
1451 429 1517 482 δι’
1565 432 1810 497 ἐκείνους

219 515 566 576 ἐκπίπτουσι,
590 514 690 583 τὴν
703 530 837 583 πονη
847 514 944 583 ρὰν
962 514 1146 575 αὐτοῖς
1164 513 1257 565 καὶ
1269 511 1518 582 ὀλεθρίαν
1535 516 1778 585 παρέχου
1790 545 1807 557 -

219 614 310 650 σαι
326 595 700 669 [215]ταύτην
720 596 1009 649 ἀντίδοσιν.
1042 597 1152 649 Καὶ
1175 595 1285 665 γάρ
1317 595 1413 647 καὶ
1438 595 1809 659 καλλωπίζον-

216 698 307 733 ται
363 679 805 751 περιεργότερον,
852 679 946 733 καὶ
1005 679 1285 749 σχήματος
1335 676 1432 730 καὶ
1479 677 1808 749 βαδίσματος

216 763 595 833 τεθρυμμένου
624 762 825 832 πολλὴν
855 760 1134 814 ποιοῦνται
1184 760 1467 831 πρόνοιαν,
1501 762 1596 813 καὶ
1626 762 1697 814 τά
1733 764 1808 834 μὴ

216 848 564 917 προσήκοντα
602 844 691 898 διά
727 846 907 914 πάσης
944 842 1275 914 φλυαροῦσιν
1312 844 1564 914 ἡμέρας’
1618 846 1806 917 ἐπειδὴ

213 928 325 999 γάρ
341 927 507 998 ὁρῶσι
527 928 896 999 τερπομένους
922 928 1035 989 τοῖς
1066 925 1387 988 ἀκολάστοις
1411 925 1624 990 τούτοις
1652 928 1807 998 ἤθεσι

214 1013 311 1065 καὶ
360 1012 589 1081 ῥήμασι,
641 1011 819 1064 πάντα
872 1007 1286 1079 ἐπιτηδεύουσι,
1340 1008 1408 1061 δι’
1448 1003 1524 1061 ὧν
1556 1011 1806 1080 κατέχειν

212 1094 413 1157 αὐτοὺς
434 1093 813 1164 αἰχμαλώτους
838 1092 1174 1163 δυνήσονται.
1216 1091 1355 1143 Ἀλλ’
1391 1091 1457 1144 ἂν
1484 1091 1806 1164 θελήσωμεν

216 1177 417 1247 μικρὸν
446 1178 832 1245 ἀνενεγκόντες
853 1176 1018 1245 ήμῶν
1047 1173 1229 1227 αὐτῶν
1271 1174 1548 1242 γενέσθαι,
1590 1176 1805 1240 ἐκείνας

212 1275 273 1311 τε
326 1258 700 1330 κερδανοῦμεν
736 1260 832 1313 καὶ
873 1259 1023 1329 ἡμᾶς
1067 1258 1266 1320 αὐτοὺς
1309 1258 1405 1309 καὶ
1448 1260 1575 1321 τοὺς
1607 1258 1802 1323 ἄλλους

210 1340 462 1405 ἅπαντας
483 1363 495 1373 ·
533 1344 628 1395 καὶ
650 1342 841 1413 ὥσπερ
874 1342 968 1395 νῦν
1006 1342 1104 1411 τῆς
1139 1340 1247 1392 τῶν
1282 1339 1492 1393 πολλῶν
1525 1336 1803 1407 ἀπωλείας

210 1424 557 1494 κατέστημεν
597 1423 906 1487 ὑπεύθυνοι,
940 1418 1081 1476 οὕτω
1103 1424 1223 1475 τότε
1257 1422 1358 1492 τῆς
1389 1425 1607 1478 πάντων
1633 1442 1801 1495 σωτη-

211 1506 337 1575 ρίας
380 1506 774 1578 ἀποληψόμεθα
817 1506 909 1559 τὸν
940 1505 1150 1575 μισθὸν,
1203 1505 1296 1558 καὶ
1338 1500 1411 1558 ὧν
1458 1506 1799 1576 ἀπολαύομεν

205 1589 303 1641 νῦν
335 1591 599 1661 αἰσχρῶν,
648 1593 768 1644 τότε
816 1588 952 1659 μετά
1004 1588 1204 1659 πολλῆς
1262 1587 1644 1657 ἀπολαύσομεν
1702 1591 1799 1660 τῆς

204 1673 393 1742 τιμῆς.
438 1673 503 1725 Τί
536 1674 664 1743 γὰρ,
712 1672 833 1725 εἰπέ
870 1689 979 1742 μοι,
1013 1670 1189 1741 βούλει
1222 1670 1486 1739 τιμᾶσθαι
1515 1664 1664 1741 παρὰ
1699 1688 1798 1739 γυ-

205 1754 447 1821 ναικῶν;
475 1757 728 1809 Μάλιστα
762 1756 859 1825 μὲν
890 1754 1107 1819 ἀνάξιον
1138 1753 1296 1805 τοῦτο
1323 1753 1513 1823 ἀνδρὸς
1552 1772 1799 1825 πνευμα-

202 1837 360 1890 τικοῦ
384 1838 445 1890 τὸ
475 1838 646 1908 τιμῆς
669 1836 923 1907 τοιαύτης
959 1838 1090 1907 ὲρᾷν
1112 1851 1125 1864 ·
1158 1834 1299 1906 πλὴν
1334 1836 1469 1888 ἀλλά
1522 1838 1615 1890 καὶ
1642 1837 1799 1891 τοῦτο

200 1920 326 1972 τότε
353 1921 649 1991 παρέσται,
684 1922 814 1974 ὅταν
860 1919 935 1990 μὴ
968 1918 1222 1989 ζητῶμεν
1253 1918 1405 1972 αὐτό.
1439 1919 1659 1987 Πέφυκε
1689 1920 1797 1991 γάρ

198 2000 491 2072 ἄνθρωπος
518 2002 627 2055 τῶν
662 2005 760 2073 μὲν
788 2003 1203 2073 θεραπευόντων
1229 2002 1503 2073 ὐπερορᾷν
1524 2042 1538 2064 ,
1585 2003 1712 2065 τούς
1741 2004 1797 2056 δὲ

202 2085 283 2157 μὴ
304 2085 699 2148 κολακεύοντας
733 2085 1035 2154 θαυμάζειν
1057 2101 1069 2114 ·
1087 2084 1147 2143 τὸ
1166 2084 1221 2137 δὲ
1258 2085 1427 2147 πάθος
1449 2084 1608 2137 τοῦτο
1636 2084 1796 2138 πλέον

198 2169 235 2237 ἡ
264 2170 552 2236 γυναικεία
601 2169 765 2239 φύσις
812 2169 1105 2239 ὑπομένειν
1134 2166 1345 2221 εἴωθεν.
1393 2167 1689 2238 Ἀφόρητός
1735 2185 1795 2221 τε

199 2251 311 2322 γάρ
343 2253 459 2323 ἐστι
493 2252 926 2323 κολακευομένη,
946 2249 1292 2321 θαυμάζεται
1319 2250 1373 2302 δὲ
1403 2250 1637 2320 μάλιστα
1669 2252 1797 2304 πάν-

197 2350 310 2386 των
349 2334 476 2397 τοὺς
516 2336 615 2387 οὐκ
646 2334 1012 2405 ἀνεχομένους
1065 2333 1238 2387 εἴκειν
1286 2334 1382 2387 καὶ
1415 2333 1795 2388 ὐποκλίνεσθαι

198 2420 320 2480 ταῖς
356 2417 613 2489 ἀκαίροις
667 2418 843 2484 αὐτῆς
895 2416 1255 2487 ἐπιθυμίαις·
1308 2417 1401 2469 καὶ
1438 2417 1596 2469 τοῦτο
1638 2418 1795 2487 ὑμεῖς

202 2518 296 2569 μοι
331 2503 734 2572 μαρτυρήσετε.
766 2500 882 2552 Νῦν
906 2500 1005 2571 μὲν
1026 2500 1135 2570 γὰρ
1157 2500 1256 2570 οὐχ
1282 2501 1331 2553 οί
1363 2499 1562 2564 ἔξωθεν
1600 2503 1791 2569 μόνον,

196 2582 339 2635 ἀλλά
372 2583 466 2636 καὶ
495 2585 659 2638 αὐταὶ
692 2582 1070 2651 καταγελῶσιν
1093 2582 1248 2653 ὐμῶν
1280 2584 1338 2636 αί
1362 2583 1793 2649 συνοικοῦσαι,εί

199 2667 295 2718 καὶ
331 2668 406 2737 μὴ
447 2668 723 2738 φανερῶς,
750 2667 865 2721 ἀλλ’
898 2670 955 2720 ἐν
977 2665 1055 2737 τῷ
1093 2667 1380 2732 συνειδότι,
1399 2668 1495 2719 καὶ
1515 2668 1796 2736 ἐγκαλλω-

196 2747 446 2810 πίζονται
472 2752 539 2820 τῇ
571 2750 785 2821 χαλεπῇ
817 2749 990 2821 ταύτῃ
1013 2749 1287 2820 τυραννίδι
1314 2766 1328 2779 ³
1361 2750 1483 2802 τότε
1508 2750 1563 2803 δὲ
1592 2749 1794 2820 θαυμά-

198 2848 384 2884 σονται
432 2833 639 2896 πάντας
680 2833 847 2902 ὑμᾶς,
882 2834 976 2886 καὶ
1006 2834 1451 2904 ἐκπλαγήσονται
1492 2834 1591 2903 τὴν
1640 2833 1795 2887 ἐλευ-

196 2913 388 2983 θερίαν
422 2915 598 2985 ὐμῶν.
632 2916 695 2968 El
729 2916 787 2969 δὲ
812 2918 1095 2970 ἀπιστεῖτε
1135 2919 1247 2979 τοῖς
1270 2916 1562 2987 ἡμετέροις
1593 2917 1792 2985 λόγοις,

196 2994 368 3059 αύτάς
418 2996 610 3067 ἔριίσθε
646 2996 887 3060 ἐκείνας,
921 2998 1076 3061 τίνας
1117 2998 1319 3069 μᾶλλον
1366 2999 1650 3052 ἐπαινοῦσι
1700 3002 1798 3054 καὶ

198 3079 584 3149 ἀποδέχονται,
636 3078 766 3143 τοὺς
805 3080 1157 3145 δουλεύοντας
1180 3120 1195 3144 ,
1242 3081 1274 3153 ἢ
1302 3083 1430 3146 τούς
1460 3083 1797 3153 κρατοῦντας

197 3162 382 3233 αὐτῶν
402 3178 414 3191 ⁸
447 3162 574 3225 τοὺς
598 3161 998 3233 ὑποκειμένους
1031 3166 1123 3217 καὶ
1155 3165 1334 3219 πάντα
1383 3166 1672 3230 ποιοῦντας
1704 3167 1798 3219 καὶ

199 3224 511 3314 πάσχοντας
545 3224 635 3298 διὰ
678 3247 777 3316 τὴν
802 3224 886 3311 εἰς
908 3224 1128 3311 ἐκείνας
1171 3247 1333 3317 χάριν
1357 3288 1370 3311 ,
1414 3249 1447 3318 ἢ
1491 3250 1616 3310 τούς
1646 3224 1798 3301 οὐδὲν

197 3326 410 3380 τούτων
460 3329 857 3401 ἀνεχομένους,
899 3330 1037 3383 ἀλλά
1083 3331 1584 3401 ἐπαισχυνομένους
1619 3330 1798 3384 αὐτῶν

198 3413 316 3472 τοῖς
364 3416 621 3483 πονηροῖς
654 3414 1034 3481 ἐπιτάγμασιν
1086 3413 1189 3466 κᾶν
1240 3413 1571 3484 ἐθελήσωσιν
1625 3417 1799 3467 εἰπεῖν

200 3492 454 3563 τάληθὲς,
470 3496 688 3557 πάντως
707 3497 950 3559 ἐκείνους
967 3496 1183 3569 ἐροῦσι·
1213 3497 1414 3567 μᾶλλον
1434 3498 1490 3550 δὲ
1515 3497 1635 3550 ούδέ
1665 3499 1801 3551 ἀπο-

202 3578 447 3648 κρίσεως
467 3581 651 3651 χρεία,
682 3582 793 3634 τῶν
818 3583 1165 3653 πραγμάτων
1181 3581 1341 3634 τοῦτο
1359 3580 1628 3650 βοώντων.
1659 3581 1800 3634 Ἀλλ’

201 3660 404 3732 ἡδονῆς
420 3661 609 3717 ἕνεκεν
628 3666 656 3717 ὁ
673 3665 942 3719 συνοικῶν
970 3665 1304 3727 πλεονεκτεῖ,
1333 3666 1461 3729 τούς
1488 3665 1803 3736 ὀφθαλμοὺς

201 3744 426 3814 εὐωχῶν
459 3748 578 3809 ταῖς
611 3746 719 3799 τῶν
759 3748 1047 3819 παρθένων
1086 3748 1268 3818 ὄψεσι.
1303 3749 1559 3802 Μάλιστα
1607 3750 1705 3819 μὲν
1752 3750 1801 3801 εἰ

203 3828 301 3881 καὶ
329 3826 490 3881 τοῦτο
517 3828 692 3893 οὕτως
726 3824 863 3900 εἶχε,
892 3830 959 3883 δι’
983 3831 1119 3883 αὐτὸ
1160 3832 1260 3902 μὲν
1298 3828 1394 3885 οὖν
1418 3831 1578 3887 τοῦτο
1610 3835 1802 3901 φυγεῖν

202 3910 406 3981 ἐχρῆν³
442 3910 535 3966 νῦν
565 3913 621 3965 δὲ
672 3914 798 3983 ύμῖν
856 3914 1056 3977 ἱκανῶς
1106 3914 1509 3977 ἀποδέδεικται,
1563 3917 1645 3969 ὅτι
1704 3916 1803 3985 οὐχ

203 3993 303 4065 ἡδὺ
334 3994 394 4045 τὸ
418 3994 680 4058 τοιοῦτον,
716 3995 854 4049 ἀλλὰ
876 3998 1207 4059 τούναντίον,
1237 3998 1299 4049 τὸ
1326 3998 1401 4069 μὴ
1424 3997 1631 4069 ταύτης
1664 4000 1803 4051 ἀπο-

203 4075 391 4129 λαύειν
413 4077 511 4146 τῆς
544 4076 777 4148 θεωρίας
798 4094 810 4108 ⁶
836 4081 901 4133 σύ
922 4080 979 4132 δέ
1010 4098 1098 4150 μοι
1132 4079 1416 4150 προστίθει
1452 4081 1547 4133 καὶ
1568 4081 1664 4152 τὴν
1695 4080 1803 4133 ἀπὸ

204 4158 299 4212 τοῦ
335 4160 634 4223 συνειδότος
661 4161 1022 4234 εὐφροσύνην.

277 4242 442 4295 Οὐδὲν
464 4243 571 4313 γὰρ
588 4245 734 4314 ἡμᾶς
756 4244 927 4309 οὕτως
946 4247 1265 4316 εὐφραίνειν
1290 4245 1501 4306 εἴωθεν,
1520 4245 1597 4308 ὼς
1623 4261 1802 4297 συνεισ-

205 4325 294 4387 δὸς
322 4326 579 4395 χρηστὸν,
614 4327 709 4379 καὶ
736 4327 952 4391 ἐλπίδες
984 4318 1208 4397 ἀγαθαί.
1265 4317 1404 4380 Ἀλλ’
1439 4327 1804 4393 ἀναπαύσεως

207 4410 393 4463 ἕνεκεν
419 4408 579 4462 τοῦτο
601 4410 918 4481 ἐπιζητεῖς;
946 4412 1085 4464 Ἀλλ’
1107 4412 1487 4465 ἀποδέδεικται
1515 4413 1610 4464 καὶ
1645 4410 1805 4465 τοῦτο

207 4490 573 4562 εὐκολώτερον
607 4494 686 4557 ὃν,
712 4494 842 4545 ὅταν
874 4494 1103 4563 ἁδελφὸς
1132 4498 1375 4565 συνοικῇ.
1409 4494 1523 4547 Νῦν
1569 4494 1667 4564 μὲν
1694 4495 1803 4565 γὰρ

206 4575 358 4627 οὐδὲν
368 4575 555 4627 δούλου
572 4575 907 4647 διενήνοχας,
922 4578 1017 4629 καὶ
1038 4576 1219 4645 ζητῶν
1236 4579 1544 4631 ἀνάπαυσιν
1560 4578 1805 4630 δουλείαν

208 4652 365 4727 εὗρες
389 4657 805 4728 χαλεπωτάτην·
821 4660 943 4711 τότε
961 4660 1016 4711 δέ
1037 4659 1241 4731 ταύτης
1264 4662 1421 4723 ἐκτὸς
1445 4660 1683 4729 ἕστηκας
1707 4661 1804 4731 τῆς

206 4740 578 4810 λειτουργίας,
631 4742 726 4794 καὶ
772 4741 880 4794 τῶν
920 4744 1342 4807 ἐπιταττόντων,
1392 4745 1453 4796 οὐ
1515 4744 1625 4797 τῶν
1678 4745 1804 4796 ἐπι-

206 4823 558 4894 τασσομένων
610 4824 729 4897 ἔσῃ.
758 4826 928 4879 Ὀταν
981 4822 1075 4878 οὐν
1116 4828 1235 4879 ἐκεῖ
1293 4828 1393 4897 μὲν
1446 4827 1564 4880 ἀνθ’
1610 4828 1805 4897 ἡδονῆς

208 4905 378 4977 λύπη,
427 4907 523 4959 καὶ
571 4908 694 4960 ἀντὶ
726 4908 884 4979 δόξης
911 4910 1167 4980 αἰσχύνη,
1203 4912 1297 4964 καὶ
1327 4912 1447 4963 ἀντὶ
1489 4910 1803 4981 ἐλευθερίας

206 4988 441 5055 δουλεία,
480 4990 573 5043 καὶ
600 4991 760 5055 πόνος
804 4993 924 5045 ἀντὶ
950 4993 1346 5057 ἀναπαύσεως·
1385 4995 1715 5065 πρόσκειται
1745 4994 1802 5045 δὲ

208 5072 304 5124 καὶ
334 5072 396 5125 τὸ
425 5071 869 5144 βλασφήμεῖσθαι
924 5075 1016 5128 τὸν
1068 5076 1221 5138 Θεὸν,
1266 5078 1360 5130 καὶ
1411 5076 1656 5131 ἀπώλεια
1712 5093 1804 5129 το-

211 5155 409 5224 σαύτη,
466 5158 562 5209 καὶ
620 5158 916 5220 σκάνδαλα,
954 5160 1047 5213 καὶ
1087 5161 1311 5224 κόλασις
1358 5162 1653 5225 ἀθάνατος,
1710 5162 1802 5213 καὶ

212 5239 422 5310 μυρίων
464 5239 740 5303 ἔκπτωσις
792 5241 1012 5309 ἀγαθῶν
1049 5260 1062 5274 ·
1134 5244 1371 5297 ἐνταῦθα
1432 5244 1490 5297 δὲ
1540 5245 1803 5297 τάναντία

210 5321 455 5386 ἅπαντα,
488 5320 644 5387 δόξα,
678 5323 811 5395 τιμὴ
833 5364 847 5387 ,
896 5325 1089 5397 ἡδονὴ,
1121 5328 1429 5399 παρρησία,
1469 5327 1756 5397 ἐλευθερία
1783 5369 1797 5390 ,

210 5405 452 5475 σωτηρία
509 5407 715 5475 ψυχῶν,
768 5408 1047 5477 βασιλείας
1096 5411 1452 5481 κληρονομία,
1517 5410 1801 5475 κολάσεως

208 5488 699 5559 ἀπαλλαγὴλπίνος
749 5491 932 5546 ἕνεκεν
982 5494 1082 5546 οὐκ
1126 5494 1573 5565 ἀνταλλαξόμεθα
1628 5494 1803 5548 ταῦτα

208 5571 465 5636 ἐκείνων;
510 5566 653 5636 Ἐγὼ
686 5575 785 5643 μὲν
828 5577 928 5628 οὐκ
984 5573 1122 5643 οἶδα,
1177 5576 1317 5646 πλὴν
1378 5578 1431 5629 εἴ
1485 5595 1570 5639 τις
1610 5578 1800 5630 ἐαυτὸν

206 5654 395 5716 ἁπλῶς
438 5656 739 5709 ἀπολλύναι
787 5659 1115 5729 ἐπιθυμοίηο
1170 5660 1287 5713 οὐδὲ
1356 5660 1464 5730 γάρ
1531 5660 1800 5728 ἀπολογία

208 5737 360 5791 ἔσται
387 5740 519 5808 ἡμῖν
543 5739 727 5793 λοιπδΝ
755 5742 876 5795 οὐδὲ
908 5742 1228 5813 συγγνώμη.
1262 5746 1325 5797 Et
1363 5745 1468 5814 γὰρ
1504 5744 1598 5797 καὶ
1632 5744 1798 5813 μηδεν

207 5818 295 5882 νὸς
318 5818 469 5892 [246]
498 5821 650 5885 ὄντος
678 5823 900 5888 τούτων,
933 5827 1108 5880 πάντα
1139 5828 1431 5897 ὑπομένειν
1453 5828 1617 5898 ἐχρῆν
1654 5828 1795 5901 ὑπὲρ

269 5925 295 5954 ⁸
316 5924 467 5976 smn.
490 5926 667 5984 αἰδοῦς,
694 5929 859 5979 Morel.
887 5930 1017 5979 650-3.

852 312 1149 368 CONTRA
1188 312 1321 369 EOS
1359 311 1474 380 QUI
1520 310 2147 383 SUBINTRO‘DUCTAS
2189 310 2469 368 HABENT
2509 310 2861 370 VIRGINES.

3398 314 3508 369 512

1913 433 2013 502 τῆς
2036 432 2131 486 τοῦ
2163 430 2299 484 Θεοῦ
2325 431 2480 501 δόξης
2502 446 2518 459 ’
2549 430 2678 485 ὅταν
2698 431 2795 484 καὶ
2819 430 2886 483 τὰ
2905 428 3141 483 ἐνταῦθα
3159 429 3507 502 καρποῦσθαι

1911 516 2085 585 παρῇ,
2122 516 2215 567 καὶ
2243 513 2354 567 τῶν
2384 512 2685 584 μελλόντων
2713 514 2994 583 ἐπιτυχεῖν
3035 511 3257 581 ἀγαθῶν
3285 554 3298 575 ,
3341 516 3508 584 ἡμεῖς

1911 597 1967 649 δὲ
2027 595 2162 667 πρὸς
2196 596 2255 649 τὸ
2285 596 2383 666 τὴν
2418 595 2515 648 τοῦ
2548 594 2683 648 Θεοῦ
2718 595 2929 665 βλασφη
2941 595 3161 663 μεῖσθαι
3189 594 3369 661 δόξαν,
3412 599 3507 650 καὶ

1911 679 2141 740 ἑαυτοὺς
2171 677 2692 747 προσαπολλύωμεν,
2725 678 2809 741 τίς
2844 680 2993 747 ἡμᾶς
3021 677 3373 748 ἐξαιρήσεται
3411 681 3506 731 καὶ

1911 761 2214 825 ἀπαλλάξει
2256 760 2358 826 τῆς
2390 762 2661 833 τιμωρίας
2702 761 2804 831 τῆς
2845 761 2938 812 ἐπὶ
2971 760 3184 824 τούτοις
3211 761 3504 832 κειμένης;

1908 849 2025 900 Οὐκ
2056 845 2203 898 ἐστιν
2224 844 2420 908 οὐδείς.

1980 928 2073 998 ιβ’.
2107 927 2290 981 Ταῦτα
2319 924 2413 981 οῦν
2439 926 2654 980 ἅπαντα
2674 926 3075 994 συναγαγόντες
3093 925 3228 996 πρὸς
3253 926 3499 988 ἐαυτοὺς,
3526 950 3529 953 ·

1909 1010 2339 1081 καταλλαγῶμεν
2370 1010 2467 1078 ὀψὲ
2503 1008 2632 1078 γοῦν
2664 1026 2792 1062 ποτε
2820 1012 2887 1080 τῇ
2939 1010 3184 1079 σωτηρίᾳ
3214 1009 3322 1062 τῶν
3358 1011 3499 1080 ἡμε-

1904 1093 2082 1164 τέρων
2108 1091 2319 1163 ψυχῶν.
2369 1093 2431 1144 Εί
2483 1092 2539 1144 δέ
2592 1091 2739 1145 δοκεῖ
2769 1108 2890 1144 τινα
2946 1091 3235 1144 δυσκολίαν
3266 1092 3410 1162 ἐχειν
3440 1091 3503 1145 τὸ

1908 1176 2198 1245 συνήθειαν
2254 1175 2675 1245 ἀποσπασθῆναι
2723 1174 2966 1245 μακρὰν,
3022 1174 3087 1243 τῇ
3145 1174 3371 1245 δυνάμει
3404 1174 3500 1228 τοῦ
3571 1195 3574 1199 ’

1900 1257 2167 1329 λογισμοῦ
2208 1258 2346 1329 μετά
2379 1258 2477 1329 τῆς
2511 1256 2603 1310 τοῦ
2642 1255 2777 1309 Θεοῦ
2826 1256 3047 1326 χάριτος
3077 1257 3103 1295 δ
3134 1256 3194 1309 τὸ
3227 1258 3334 1309 πᾶν
3383 1258 3503 1308 ἐπι-

1903 1342 2225 1412 τρέψαντες,
2260 1342 2485 1394 κάκεῖνο
2517 1339 2806 1399 πείσαντες
2838 1340 3087 1403 ἑαυτοὺς,
3146 1339 3249 1402 ὅτι,
3302 1338 3367 1391 ἂν
3397 1339 3499 1409 ἀρ-

1904 1426 2005 1496 χὴν
2053 1426 2215 1494 μόνον
2272 1423 2552 1489 ἐπιθῶμεν
2592 1422 2670 1492 τῷ
2729 1424 3040 1491 πράγματι,
3099 1421 3202 1475 οὐκ
3250 1421 3329 1474 ἐτι
3370 1420 3499 1489 ὀψό-

1906 1508 2047 1578 μεθα
2073 1509 2334 1578 δυσχερές
2351 1523 2365 1537 ⁸
2387 1506 2529 1559 οὕτω
2555 1505 3048 1575 κατατολμήσομεν
3063 1498 3162 1574 τῆς
3185 1504 3496 1573 συνηθείας.

1905 1593 2000 1642 Ἂν
2029 1592 2137 1661 γάρ
2190 1592 2320 1645 δέκα
2364 1589 2575 1660 ἡμέρας
2630 1588 2826 1640 σαυτὸν
2870 1587 3213 1657 ἀποστήσῃς,
3261 1587 3499 1640 εὐκολώ-

1900 1691 2058 1744 τερον
2110 1675 2209 1737 τάς
2250 1675 2458 1727 εἴκοσιν
2487 1671 2680 1734 οἴσεις,
2728 1671 2823 1723 καὶ
2868 1667 2951 1732 δὶς
2989 1671 3262 1733 τοσαύτας
3290 1672 3456 1723 πάλιν
3485 1689 3499 1702 ·

1902 1754 2019 1809 εἶτα
2078 1758 2183 1826 ὁδῷ
2250 1756 2563 1826 προϐαίνων
2618 1753 2739 1806 οὐδέ
2795 1753 3051 1821 αἴσθησιν
3102 1752 3250 1826 λήψῃ
3311 1753 3501 1806 λοιπὸν

1899 1842 1999 1910 τῆς
2054 1844 2114 1893 ἐν
2166 1842 2309 1911 ἀρχῇ
2365 1838 2685 1900 δυσκολίας,
2721 1835 2859 1889 ἀλλά
2911 1836 2973 1888 τὸ
3012 1837 3219 1906 σφόδρα
3260 1837 3500 1889 δυσκατ-

1899 1922 2199 1990 αγώνιστον
2236 1920 2604 1975 εὐκολώτατον
2643 1920 2763 1990 δψει
2790 1918 3096 1989 γινόμενον,
3142 1919 3236 1971 καὶ
3273 1920 3355 1982 εἰς
3384 1919 3502 1971 ἐτέ-
3606 1984 3607 1987 η

1905 2023 2004 2075 ραν
2044 2006 2207 2059 πάλιν
2243 2006 2611 2075 καταστήσεις
2653 2002 2881 2055 σεαυτὸν
2922 2002 3233 2072 συνήθειαν,
3270 2002 3366 2054 καὶ
3405 2004 3501 2072 ρᾳ-

1899 2088 2016 2141 δίαν
2045 2090 2303 2160 εὑρήσεις
2333 2087 2432 2157 τὴν
2466 2085 2762 2158 μετάθεσιν
2794 2081 2960 2139 οὖσαν
2995 2085 3055 2137 οὐ
3083 2083 3170 2136 διὰ
3208 2084 3500 2154 συνήθειαν

1904 2172 2086 2241 μόνον,
2116 2171 2254 2224 ἀλλά
2284 2173 2380 2223 καὶ
2412 2169 2500 2222 διὰ
2544 2169 2643 2233 τὰς
2683 2167 2925 2239 χρηστάς
2962 2166 3204 2229 ἐλπίδας.
3239 2166 3397 2219 Ούτω
3438 2183 3498 2217 σε

1899 2255 2151 2306 κάκεῖναι
2188 2253 2564 2324 θαυμάσονται
2605 2253 2891 2323 μειζόνως,
2935 2249 3030 2303 καὶ
3076 2252 3103 2302 ό
3130 2249 3263 2312 Θεὸς
3303 2249 3500 2302 ἀποδέ-

1901 2334 2050 2399 ξεται
2095 2336 2201 2408 πρὸ
2239 2335 2485 2397 ἐκείνων,
2528 2336 2622 2388 καὶ
2675 2334 2876 2397 πάντες
2910 2332 3183 2403 ἄνθρωποι
3223 2331 3500 2401 στεφανώ-

1902 2436 2085 2483 σουσι,
2130 2420 2226 2471 καὶ
2261 2418 2376 2488 βίον
2430 2416 2604 2490 βιώσῃ
2662 2417 2863 2486 πολλὴν
2906 2417 3005 2485 μὲν
3059 2415 3251 2485 ἔχοντα
3285 2414 3500 2467 ἐλευθε-

1903 2499 2044 2571 ρίαν,
2099 2501 2301 2571 πολλὴν
2347 2500 2404 2553 δὲ
2460 2500 2557 2570 τὴν
2617 2499 2833 2570 ήδονήν.
2893 2498 2957 2551 Τί
3012 2497 3122 2568 γὰρ
3169 2497 3236 2551 ἂν
3289 2497 3503 2565 γένοιτο

1897 2584 2050 2653 ἥδιον
2080 2583 2175 2637 τοῦ
2215 2584 2309 2636 τοῦ
2348 2582 2588 2653 πονηροῦ
2636 2582 2939 2643 συνειδότος
2969 2580 3375 2650 ἀπαλλαγῆναι,
3407 2580 3503 2633 καὶ

1896 2666 1989 2719 τὸν
2029 2667 2256 2737 διηνεκῆ
2291 2667 2390 2737 τῆς
2421 2664 2721 2734 ἐπιθυμίας
2760 2664 3069 2718 καταλῦσαι
3106 2664 3364 2733 πόλεμον,
3400 2664 3504 2718 καὶ

1902 2749 2041 2819 μετὰ
2088 2749 2292 2819 πολλῆς
2343 2751 2444 2818 τῆς
2488 2748 2743 2811 εὐκολίας
2795 2747 2888 2800 τὸν
2929 2746 3097 2799 καλὸν
3145 2747 3247 2815 τῆς
3286 2763 3503 2816 σωφρο-

1902 2831 2069 2901 σύνης
2103 2830 2327 2884 πλέκειν
2372 2829 2661 2900 στέφανον,
2710 2829 2807 2882 κα)⁵
2838 2828 3147 2897 ἐλευθέροις
3179 2828 3279 2897 μὲν
3307 2828 3505 2895 ὀφθαλ-

1902 2918 2022 2985 μοῖς
2078 2915 2216 2984 πρὸς
2267 2913 2360 2964 τὸν
2397 2912 2629 2981 οὐρανὸν
2682 2912 2924 2981 βλέπειν,
2978 2910 3198 2980 καθαρᾷ
3247 2911 3305 2963 δὲ
3350 2914 3502 2981 φωνῇ

1900 2997 1996 3049 καὶ
2042 2996 2240 3067 καρδία
2288 2996 2378 3047 τὸν
2421 2995 2677 3047 ἁπάντων
2727 2993 3007 3063 Δεσπότην
3053 2992 3266 3059 καλεῖν;
3316 2992 3507 3055 Οὐδεὶς

1900 3080 2043 3134 οὐτω
2092 3077 2379 3149 δεσμώτης
2439 3076 2683 3139 ἁλύσεως
2738 3075 3075 3145 ἀπαλλαγεὶς
3138 3076 3233 3128 καὶ
3286 3072 3503 3145 αὐχμοῦ

1902 3165 1996 3218 καὶ
2029 3163 2131 3233 τῆς
2169 3161 2334 3231 ἄλλης
2376 3161 2475 3232 τῆς
2503 3162 2561 3213 ἐν
2594 3159 2672 3230 τῷ
2705 3159 3067 3231 δεσμωτηρίῳ
3099 3158 3503 3231 ταλαιπωρίας.

1905 3246 2107 3319 μᾶλλον
2172 3245 2229 3297 δὲ
2276 3243 2451 3305 οὐδεὶς
2509 3241 2653 3294 οὓτω
2726 3241 2823 3303 τὰς
2886 3242 3040 3310 ὄψεις
3103 3240 3507 3312 πεπηρωμένος

1905 3328 2237 3397 ἀναϐλέψας,
2276 3328 2371 3381 καὶ
2397 3326 2458 3378 τὸ
2487 3326 2661 3394 γλυκύ
2697 3324 2856 3377 τοῦτο
2903 3323 3018 3392 φῶς
3052 3324 3175 3377 ίδὼν
3211 3324 3507 3392 ἀγάλλεται

1905 3415 1999 3467 καὶ
2027 3412 2293 3481 γάννυται
2326 3410 2421 3462 καὶ
2454 3408 2675 3478 σκιρτᾷ,
2721 3407 2795 3471 ὡς
2822 3409 2850 3460 ό
2888 3408 2987 3475 τῆς
3023 3407 3269 3470 δουλείας
3300 3407 3507 3474 ταύτης

1906 3494 2335 3566 ἐλευθερωθῆναι
2384 3491 2655 3561 δυνηθείς.
2705 3491 2817 3543 Καὶ
2852 3490 2961 3561 γὰρ
3012 3491 3107 3543 τοῦ
3160 3490 3339 3559 φωτὸς
3378 3489 3510 3558 γλυ-

1906 3579 2111 3649 κυτέρα
2153 3576 2335 3645 πολλῷ
2367 3576 2468 3645 τῆς
2514 3574 2831 3645 τυραννίδος
2880 3573 3088 3642 ταύτης
3126 3575 3158 3643 ἠ
3192 3574 3506 3643 ἀπαλλαγὴ,

1904 3665 2000 3717 καὶ
2031 3662 2195 3730 ζόφου
2232 3659 2433 3721 παντὸς
2483 3657 2673 3711 τούτου
2718 3656 3082 3728 χαλεπωτέρα
3131 3658 3229 3727 τῆς
3258 3655 3509 3719 δουλείας

1905 3743 2122 3815 ἐκείνης
2164 3744 2258 3797 καὶ
2301 3741 2409 3794 τῶν
2456 3740 2673 3810 δεσμῶν
2717 3742 2751 3810 ἡ
2796 3739 3173 3810 ταλαιπωρία)
3205 3738 3366 3791 Ἀλλά
3399 3739 3510 3809 γὰρ

1902 3829 1956 3880 τί
1995 3827 2101 3899 χρὴ
2132 3826 2307 3878 ταῦτα
2341 3823 2606 3895 μηκύνειν
2652 3823 2915 3893 ἐκατέρου
2951 3821 3101 3892 βίου;
3134 3820 3228 3872 τοῦ
3268 3820 3366 3890 μὲν
3410 3818 3509 3890 τὴν

1905 3908 2289 3979 ἀνελευθερίαν
2322 3910 2417 3961 καλ⁸
2460 3908 2561 3977 τὴν
2608 3905 2848 3976 ἀθυμίαν
2889 3907 2984 3959 καὶ
3030 3904 3129 3975 τὴν
3177 3904 3382 3973 βλάϐην
3415 3904 3511 3955 καὶ

1904 3995 2003 4065 τὴν
2035 3992 2236 4060 πολλὴν
2268 3991 2554 4060 τηκεδόνα,
2586 3991 2682 4042 τοῦ
2713 3989 2771 4041 δὲ
2806 3989 2905 4058 τὴν
2935 3988 3249 4058 ἐλευθερίαν
3280 3987 3376 4039 καὶ
3409 3988 3509 4056 τὴν

1907 4076 2101 4149 ἡδονὴν
2132 4077 2227 4128 καὶ
2256 4073 2354 4145 τὴν
2396 4073 2669 4142 ὠφέλειαν
2720 4075 2814 4125 καὶ
2858 4072 2956 4142 τὴν
3000 4071 3200 4141 πολλὴν
3250 4068 3512 4139 παραδει-

1908 4160 2131 4222 κνύντος
2168 4156 2555 4229 σωφροσύνηνς
2592 4157 2749 4223 λόγος
2784 4154 2894 4227 γάρ
2933 4153 3108 4217 οὐδεὶς
3149 4154 3289 4207 αὐτά
3329 4169 3509 4223 παρα-

1911 4244 2106 4314 στῆσαι
2148 4242 2456 4311 δυνήσεται,
2502 4240 2637 4310 μόνη
2661 4240 2717 4291 δὲ
2752 4239 2859 4291 τῶν
2886 4238 3235 4308 πραγμάτων
3259 4238 3291 4307 ή
3318 4239 3505 4306 πεῖρα.

1907 4313 2019 4381 Καὶ.
2076 4326 2200 4379 τότε
2267 4323 2480 4376 εἴσεσθε
2534 4322 2717 4384 καλῶς
2768 4322 2930 4374 τίνων
2994 4322 3092 4391 μὲν
3128 4313 3508 4391 ’ἀπηλλάγητε

1909 4410 2116 4473 κακῶν,
2151 4409 2311 4470 ποίας
2336 4407 2391 4459 δὲ
2421 4404 2719 4475 ἐπετύχετε
2751 4405 2918 4474 ζωῆς,
2950 4406 3079 4457 ὅταν
3109 4406 3241 4473 ἡμῖν
3284 4403 3375 4455 διὰ
3400 4402 3512 4455 τῶν

1910 4492 2253 4564 πραγμάτων
2299 4488 2599 4560 βουληθῆτε
2636 4487 2963 4556 πεισθῆναι·
3000 4486 3363 4557 πεισθήσεσθε
3402 4485 3512 4537 τοία

1908 4594 2027 4639 νυν,
2068 4577 2197 4628 ὅταν
2243 4574 2333 4626 διὰ
2384 4572 2494 4625 τῶν
2540 4570 2717 4642 ἔργων
2757 4570 2935 4622 αὐτῶν
2972 4572 3040 4622 τὰ
3090 4570 3361 4639 εἰρημένα
3408 4569 3512 4638 μά-

1910 4659 2060 4728 θητε.
2098 4658 2161 4711 Εἰ
2199 4657 2256 4709 δέ
2301 4655 2380 4708 ἔτι
2415 4655 2890 4722 δυσανασχετεῖτε,
2921 4654 3015 4705 καὶ
3052 4655 3168 4715 τοῖς
3219 4652 3511 4723 ἡμετέροις

1909 4744 2189 4797 ἀπιστεῖτε
2234 4741 2447 4808 λόγοις,
2502 4738 2695 4808 ἔρεσθέ
2745 4754 2900 4800 τινας
2956 4736 3065 4789 τῶν
3121 4735 3327 4806 ταύτην
3379 4737 3511 4788 ποτέ

1908 4825 2307 4879 δουλευσάντων
2334 4824 2433 4894 τὴν
2469 4821 2740 4889 δουλείαν,
2776 4816 2897 4872 εἶτα
2935 4818 3132 4890 ἀθρόον
3165 4818 3507 4887 ἀπαλλαγέν-

1908 4929 2038 4974 των,
2067 4910 2159 4961 καὶ
2192 4909 2327 4979 πρὸς
2368 4906 2466 4977 τὴν
2503 4906 2676 4974 καλὴν
2705 4903 3133 4975 ἀναδραμόντων
3169 4901 3509 4973 ἐλευθερίαν,

1909 4995 2004 5047 καὶ
2065 4993 2188 5045 τότε
2246 4989 2523 5059 γνώσεσθε
2580 4989 2680 5057 τῆς
2754 4986 3125 5058 παραινέσεως
3194 4983 3397 5054 ταύτης
3451 4985 3512 5035 τὸ

1909 5076 2121 5146 κέρδος.
2172 5074 2326 5127 Ἐπεί¹
2380 5073 2477 5125 καὶ
2520 5073 2547 5125 ό
2592 5070 2846 5141 Σολομὼν
2911 5071 3075 5138 ἡνίκα
3132 5068 3231 5138 μὲν
3284 5071 3349 5138 τῇ
3402 5068 3511 5119 τῶν

1910 5159 2180 5230 βιωτικῶν
2226 5157 2494 5227 ἐπιθυμίᾳ
2539 5155 2885 5226 πραγμάτων
2935 5152 3243 5223 κατείχετο,
3299 5152 3511 5223 μεγάλα

1906 5261 1965 5296 τε
1998 5244 2137 5296 αὐτά
2170 5239 2421 5312 ἐνόμιζεν
2467 5237 2609 5292 εἶναι
2671 5238 2761 5291 καλ⁵
2810 5232 3123 5305 θαυμαστὰ,
3168 5237 3262 5289 καὶ
3312 5233 3513 5304 πολλὴν

1908 5328 2036 5396 περὶ
2070 5325 2209 5378 αὐτά
2246 5327 2343 5395 τὴν
2384 5322 2703 5394 φιλοπονίαν
2738 5321 3111 5381 ἐπεδείκνυτο,
3141 5319 3405 5389 λαμπράς
3451 5334 3513 5370 τε

1906 5410 2355 5481 οἰκοδομούμενος
2400 5408 2612 5470 οἰκίας,
2654 5407 2749 5460 καὶ
2791 5404 3014 5475 χρυσίον
3069 5404 3319 5470 συνάγων
3359 5402 3515 5454 ἀπει-

1909 5514 2023 5568 ρον,
2077 5494 2353 5565 μουσικῶν
2404 5510 2460 5544 τε
2514 5492 2709 5562 χοροὺς
2758 5491 2854 5542 καὶ
2903 5486 3322 5559 τραπεζοποιῶν
3377 5485 3510 5555 γένη

1907 5566 2228 5631 παντοδαπά
2262 5573 2414 5648 [247]
2452 5576 2545 5627 καὶ
2592 5573 2873 5645 μαγείρων
2909 5572 3181 5625 πάντοθεν
3219 5566 3509 5637 συναθροί-

1905 5660 2033 5725 ζων,
2065 5660 2159 5713 καὶ
2193 5658 2291 5729 τὴν
2336 5658 2445 5713 ἀπὸ
2487 5657 2597 5711 τῶν
2644 5658 2840 5726 κήπων
2890 5655 3072 5725 χάριν,
3119 5654 3213 5707 καὶ
3260 5652 3359 5723 τὴν
3394 5651 3505 5703 ἀπὸ

1905 5745 2012 5797 τῶν
2042 5742 2311 5815 λαμπρῶν
2348 5741 2619 5813 σωμάτων
2651 5741 2843 5812 ἡδονὴν
2871 5739 3109 5810 δαψιλῶς
3156 5735 3510 5808 παρασκευά-

1905 5829 2013 5894 ζων
2046 5831 2113 5898 τῇ
2145 5828 2244 5898 τῆς
2282 5825 2459 5896 ψυχῆς
2490 5826 2780 5897 ἐπιθυμίᾳ,
2813 5826 2907 5880 καὶ
2948 5825 3152 5891 πᾶσαν,
3187 5821 3261 5884 ὼς
3305 5820 3502 5884 εἰπεῖν,

1966 5933 1995 5973 1³
2020 5930 2167 5983 Savil.
2196 5932 2313 5997 μετά
2336 5932 2420 5988 τήν
2441 5929 2526 5979 τοῦ
2549 5928 2673 5980 Θεοῦ
2695 5934 2848 5995 χάριν.
