4264 6312
765 307 874 363 513

763 423 883 478 ὁδὸν
947 419 1306 490 ψυχαγωγίας
1381 423 1476 474 καὶ
1536 422 1782 496 τέρψεως
1849 423 2030 495 ἐαυτῷ
2091 423 2344 495 τέμνων·

765 503 951 571 ἐπειδὴ
983 502 1040 555 δὲ
1071 503 1266 572 μικρὸν
1300 504 1509 557 ἐκεῖθεν
1539 507 1830 576 ἀνήνεγκε,
1872 507 1968 560 καὶ
2007 506 2261 578 καθάπερ
2291 504 2350 573 ἐξ

761 584 1002 638 ἀϐύσσου
1039 587 1187 648 τινος
1219 585 1453 655 ζοφερᾶς
1487 588 1786 658 ἀναϐλέψαι
1825 581 1968 661 ’πρὸς
2005 590 2068 642 τὸ
2109 589 2210 660 τῆς
2259 608 2349 660 φι-

763 666 1021 734 λοσοφίας
1051 668 1238 737 ἴσχυσε
1270 668 1406 737 φῶς,
1437 670 1740 740 τηνικαῦτα
1763 673 1861 742 τὴν
1890 670 2102 742 ὑψηλὴν
2131 673 2351 743 ἐκείνην

763 751 860 804 καὶ
909 751 1009 820 τὴν
1056 750 1166 804 τῶν
1218 751 1463 822 οὐρανῶν
1526 753 1684 820 ἀξίαν
1745 755 1924 825 ἀφῆκε
1955 756 2186 827 φωνήν·
2226 760 2350 811 Ma-

763 833 1443 901 ταιότηςματαιοτήτων,
1463 835 1657 903 λέγων,
1681 837 1762 890 τὰ
1778 837 1975 891 πάντα
1995 839 2348 907 ματαιότης.

836 913 1052 984 Ταύτην
1087 917 1184 970 καὶ
1239 917 1430 986 ὑμεῖς,
1486 919 1582 972 καὶ
1614 919 1820 990 ταύτης
1880 914 2238 993 ὑψηλοτέραν,
2284 921 2350 974 ἂν

764 994 1078 1067 ἐθελήσητε,
1121 997 1301 1068 ψῆφον
1355 998 1536 1052 οἴσετε
1571 1001 1701 1073 περὶ
1742 1001 1845 1071 τῆς
1873 1002 2108 1073 ἀκαίρου
2146 1001 2352 1072 ταύτης

762 1079 977 1150 ἡδονῆς,
1009 1080 1105 1134 ἐὰν
1153 1081 1351 1152 μικρὸν
1392 1083 1759 1155 ἑαυτοὺςτῆς
1812 1086 2054 1156 πονηρᾶς
2107 1086 2350 1152 ἀποστή-

763 1177 892 1230 σητε
942 1163 1249 1231 συνηθείας.
1288 1164 1486 1218 Καίτοι
1527 1181 1592 1233 γε
1619 1166 1650 1218 ὀ
1680 1165 1932 1236 Σολομὼν
1978 1168 2036 1236 ἐν
2077 1168 2190 1229 τοῖς
2241 1166 2352 1220 ἀνω

762 1245 1052 1314 γενόμενος
1081 1246 1295 1316 χρόνοις
1330 1247 1451 1300 οὐδὲ
1495 1248 1700 1318 πολλὴν
1732 1249 1994 1320 ἀπῃτεῖτο
2035 1248 2353 1319 φιλοσοφίας

763 1326 1074 1396 ἀκρίϐειαν’
1119 1327 1243 1380 οὐτε
1289 1329 1400 1400 γάρ
1445 1332 1657 1400 τρυφᾷν
1687 1332 1714 1382 ὁ
1745 1329 1971 1394 παλαιὸς
2014 1329 2220 1384 ἐκώλυε
2267 1330 2354 1384 νό-

766 1425 899 1476 μος,
951 1408 1073 1461 οὔτε
1117 1410 1226 1463 τῶν
1280 1411 1456 1465 ἄλλων
1505 1412 1860 1466 ἀπολαύσεων
1913 1413 2209 1466 ἀπολαύειν
2255 1430 2354 1466 πε-

765 1490 948 1560 ριττὸν
1001 1492 1204 1562 ἔφησεν
1254 1489 1392 1546 εἶναι
1440 1495 1537 1548 καὶ
1595 1496 1855 1565 μάταιον·
1896 1495 2010 1548 ἀλλ’
2052 1497 2203 1566 ὅμως
2259 1497 2354 1550 καὶ

763 1571 906 1626 οὕτω
946 1574 1054 1626 τῶν
1107 1577 1448 1647 πραγμάτων
1484 1578 1714 1648 ἐχόντων
1741 1578 1981 1650 ἠδυνήθη
2020 1579 2250 1632 συνιδεῖν
2293 1579 2354 1632 τὸ

763 1655 821 1708 ἐν
862 1655 1043 1719 αὐτοῖς
1076 1659 1355 1727 ἀνόνητον,
1400 1660 1494 1713 καὶ
1541 1660 1742 1731 πολλὴν
1789 1661 1971 1714 αὐτῶν
2008 1661 2353 1730 καταγνῶναι

767 1739 1124 1811 ματαιότητα.
1161 1741 1354 1811 Ἡμεῖς
1404 1741 1463 1794 δὲ
1507 1742 1601 1795 ἐπὶ
1639 1743 1858 1812 μείζονα
1911 1743 2226 1815 καλούμεθα
2255 1762 2354 1797 πο-

762 1820 990 1882 λιτείαν,
1040 1823 1136 1875 καὶ
1193 1824 1331 1894 πρὸς
1379 1823 1718 1896 ὑψηλοτέραν
1778 1825 2142 1898 ἀναϐαίνομεν
2192 1844 2355 1898 κορυ-

762 1903 889 1973 φὴν,
921 1905 1013 1957 καὶ
1041 1904 1177 1974 πρὸς
1211 1906 1434 1975 μείζονα
1467 1906 1860 1977 ἀπεδυσάμεθα
1892 1909 2216 1978 σκάμματα.
2247 1909 2356 1962 Καὶ

759 1985 813 2036 τί
853 1986 962 2057 γὰρ
992 1986 1179 2058 ἕτερον
1210 1989 1325 2042 ἀλλ’
1370 1991 1403 2060 ἢ
1457 1991 1597 2044 κατά
1647 1990 1743 2054 τὰς
1791 1992 1904 2045 ἀνω
1953 1991 2213 2062 δυνάμεις
2259 1990 2357 2054 τὰς

761 2068 956 2138 νοερὰς
1003 2070 1096 2122 καὶ
1149 2071 1479 2142 ἀσωμάτους
1543 2073 1758 2134 ὲκείνας
1819 2072 2200 2126 πολιτεύεσθαι
2261 2090 2354 2126 κε·

761 2147 1064 2219 λευὸμεθα;
1103 2153 1226 2215 Πῶς
1276 2149 1370 2206 οὖν
1409 2155 1510 2208 οὐκ
1543 2155 1769 2225 αἰσχρὸν
1824 2155 1920 2209 καὶ
1971 2154 2176 2226 πολλῆς
2205 2154 2356 2220 ἀξιον

760 2231 1037 2298 κολάσεως
1087 2236 1344 2300 ἐλάττους
1381 2239 1593 2291 ἐκείνου
1641 2239 1876 2308 φανῆναι
1912 2237 2112 2309 πολλῷ,
2142 2239 2240 2292 καὶ
2281 2238 2356 2310 μὴ

765 2313 926 2383 μόνον
961 2317 1068 2369 τῶν
1116 2321 1632 2391 συγκεχωρημένων
1690 2320 2047 2392 μὴςγίνεσθαι
2097 2319 2357 2391 ὑψηλοτέ-

765 2416 913 2468 ρους,
949 2401 1204 2474 καθάπερ
1235 2404 1463 2467 ἐκεῖνος,
1512 2403 1648 2457 ἀλλά
1679 2405 1772 2457 καὶ
1805 2405 1914 2457 τῶν
1959 2404 2356 2473 κεκωλυμένων

761 2483 855 2533 καὶ
883 2484 1154 2552 τιμωρίαν
1202 2487 1434 2554 ἐχόντων
1485 2487 1760 2557 ἀφόρητον
1789 2486 2096 2551 ἀπτεσθαι;
2142 2487 2216 2538 Τὸ
2245 2487 2356 2556 γάρ

761 2563 940 2633 ἔρωτα
971 2567 1027 2617 ἐν
1055 2569 1121 2636 τῇ
1152 2566 1297 2638 ψυχῇ
1335 2569 1851 2639 πονηρὸντρέφειν,
1881 2570 1974 2622 καὶ
2002 2568 2139 2639 πρὸς
2169 2568 2358 2622 ἐπιθυ-

764 2648 895 2718 μίαν
931 2650 1063 2721 ὁρᾷν
1087 2653 1340 2718 γυναῖκα,
1370 2652 1463 2704 xal
1494 2651 1934 2722 καταμανθάνειν
1972 2652 2168 2716 κάλλος
2201 2652 2358 2705 ἀλλό-

760 2746 933 2798 τριον,
986 2733 1078 2785 καὶ
1135 2733 1520 2802 καταισχύνειν
1578 2734 1680 2803 μὲν
1730 2734 1944 2798 ἐαυτὸν,
1998 2734 2264 2803 βλάπτειν
2297 2735 2360 2791 δέ

759 2814 887 2876 τοὺς
917 2815 1368 2886 ἀσθενεστέρους,
1415 2818 1510 2868 καὶ
1560 2815 1763 2880 πολλὰς
1814 2817 1912 2888 μὲν
1947 2818 2176 2888 Ἕλλησι
2210 2835 2355 2889 παρ-

763 2894 906 2963 έχειν
948 2895 1150 2961 λαϐὰς,
1196 2898 1394 2959 πολλὰς
1422 2899 1479 2951 δέ
1516 2899 1820 2965 Ἰουδαίοις,
1863 2899 1958 2952 καὶ
2005 2899 2131 2963 τούς
2166 2917 2228 2952 τε
2273 2901 2354 2953 οί-

763 2977 944 3041 κείους
981 2981 1107 3044 τούς
1139 2998 1199 3034 τε
1229 2982 1544 3053 ἀλλοτρίους
1574 2980 1979 3046 ὑποσκελίζειν,
2023 2983 2116 3036 καὶ
2150 2983 2351 3054 πολλὴν

760 3059 862 3130 τῆς
892 3061 987 3113 τοῦ
1019 3062 1155 3114 Θεοῦ
1189 3064 1348 3134 δόξης
1387 3063 1826 3127 κατασκευάζειν
1851 3065 2221 3138 βλασφημίαν,
2260 3068 2354 3118 καὶ⁹

759 3144 1148 3216 δουλοπρεπεῖς
1188 3147 1547 3217 ἀναδέχεσθαι
1599 3149 1904 3215 διακονίας,
1953 3149 2216 3220 καὶπρὸς
2260 3149 2352 3202 τὸν

758 3226 868 3278 τῶν
903 3227 1169 3296 βιωτικῶν
1197 3232 1539 3300 πραγμάτων
1570 3230 1796 3301 θόρυϐον
1820 3232 2049 3295 ἑαυτοὺς
2078 3230 2346 3296 είσωθεῖν,

764 3311 857 3362 καὶ
903 3310 1000 3381 τὴν
1049 3311 1387 3383 δωρηθεῖσαν
1420 3315 1552 3384 ἡμῖν
1602 3313 1916 3382 ἐλευθερίαν
1959 3315 2246 3385 προπίνειν
2275 3315 2352 3386 τῷ

760 3392 1014 3463 διαϐόλῳ,
1067 3395 1162 3448 καὶ
1209 3395 1414 3466 ταύτης
1463 3397 1858 3467 χαλεπωτάτην
1920 3397 2350 3451 ἀντικαταλλάτο

761 3475 948 3530 τεσθαι
1002 3477 1329 3548 τυραννίδα,
1384 3480 1478 3533 καὶ
1533 3481 1936 3549 καταγέλαστον
1991 3483 2090 3552 μὲν
2137 3482 2350 3549 φίλοις,

761 3559 1126 3613 ἐπονείδιστον
1159 3562 1215 3615 δὲ
1251 3562 1466 3632 ἐχθροῖς
1505 3559 1669 3628 εἶναι,
1713 3565 1808 3617 καὶ
1843 3566 2088 3636 πονηράν
2135 3567 2233 3635 μὲν
2272 3565 2351 3636 τῷ

761 3644 928 3713 κοινῷ
955 3645 1054 3715 τῆς
1090 3645 1421 3717 Ἐκκλησίας
1465 3646 1891 3718 προστρίϐεσθαι
1936 3648 2117 3715 δόξαν,
2160 3666 2351 3702 καται-

763 3727 981 3795 σχύνειν
1029 3727 1085 3780 δὲ
1134 3729 1208 3780 τὸδ
1235 3730 1432 3800 σεμνὸν
1463 3730 1564 3800 τῆς
1620 3730 1919 3798 παρθενίας
1973 3732 2209 3802 ἀξίωμα,
2256 3735 2351 3787 καὶ

762 3812 876 3873 τοῖς
911 3810 1252 3879 ἀσελγαίνειν
1291 3811 1636 3882 βουλομένοις
1673 3814 1872 3876 πολλὰς
1911 3814 2171 3885 παρέχειν
2215 3833 2350 3887 προ-

764 3891 979 3960 φάσεις,
1029 3893 1123 3946 κα“ι
1174 3893 1337 3964 ἐτερα
1378 3894 1599 3949 πλείονα
1661 3896 1866 3950 τούτων
1916 3899 2350 3963 κατασκευάζειν

762 3974 910 4028 δεινά
955 3976 1214 4050 (ᾶπαντα,
1237 3978 1346 4046 γάρ
1387 3978 1510 4031 οὔτε
1543 3979 1795 4043 συνιδεῖν,
1823 3978 1947 4033 οὐτε
1979 3979 2122 4052 λόγῳ
2173 4000 2349 4054 παρα-

765 4061 961 4129 στῆσαι
1011 4060 1256 4125 δυνατὸν,
1305 4062 1404 4114 ὃσα
1460 4061 1548 4114 διὰ
1605 4063 1713 4116 τῶν
1773 4063 2117 4134 πραγμάτων
2172 4065 2350 4119 αὐτῶν

763 4141 1139 4212 ὑπομένουσι),
1188 4145 1295 4196 καὶ·
1327 4145 1439 4197 τῶν
1497 4146 1700 4216 σφόδρα
1756 4146 2152 4216 κεκωλυμένων
2200 4147 2347 4212 ἐστὶ,

764 4225 860 4276 καὶ
901 4225 1009 4279 τῶν
1063 4225 1281 4279 κόλασιν
1337 4227 1572 4296 ἐχόντων
1625 4228 2121 4300 ἀφόρητον.’Ὧστε
2174 4232 2221 4283 εί
2259 4232 2352 4283 καὶ

770 4309 946 4377 μικρά
992 4309 1077 4372 τίς
1126 4313 1274 4363 ἐστιν
1327 4311 1524 4383 ἡδονὴ,
1583 4312 1756 4366 ταῦτα
1810 4313 1987 4367 πάντα
2043 4315 2354 4378 ἀντιθέντες

1425 305 1486 360 s.
1525 302 1811 362 JOANNlS
1841 293 2344 364 ’cnms‘oswm
2385 303 2712 362 ARCHIEP.
2753 301 3313 361 CONSTANTINOP.

3935 299 4042 360 5N

2453 422 2660 496 ἐκείνῃ,
2691 422 2782 476 τὸν
2815 421 3052 490 γέλωτα,
3099 419 3198 490 τὴν
3241 413 3530 488 αίσχύνην,
3562 414 3665 486 τὴν
3689 411 3802 468 τῶν
3833 412 4048 496 πολλῶν

2453 495 2708 575 ὑποψίαν,
2737 505 2836 569 τὰς
2873 503 3237 574 κατηγορίας,
3270 501 3339 556 τά
3374 498 3706 569 σκώμματα,
3748 497 3818 551 τά
3843 495 4044 566 ὀνείδη,

2450 588 2544 642 τὸν
2566 587 2822 659 σκώληκα
2845 586 2937 640 τὸν
2958 585 3337 655 ἀτελεύτητον,
3361 583 3422 636 τὸ
3447 581 3726 646 σκότος-τὺ
3751 576 4041 648 ἐξώτερον,

2451 671 2512 724 τὸ
2542 670 2654 743 πῦρ
2681 672 2743 724 τὸ
2768 669 3049 732 ἄσϐεστον,
3079 668 3179 740 τὴν
3205 666 3404 736 θλῖψιν,
3435 665 3534 736 τὴν
3564 662 3952 734 στενοχωρίαν,
3985 663 4048 715 τὸ

2454 755 2676 828 βρύγμα
2695 754 2804 808 τῶν
2827 753 3076 814 ὀδόντων,
3093 751 3160 805 τά
3178 749 3356 821 δεσμά
3376 749 3447 803 τά
3469 749 3662 814 ἀλυτα,
3677 748 3772 801 καὶ
3791 744 4049 828 καθάπερ

2453 827 2510 891 ἐν
2531 837 2827 906 πλάστιγγι
2842 834 3172 896 καταθέντες
3189 833 3285 887 καὶ
3305 832 3750 902 ἀντιστήσαντες,
3768 827 4050 898 ἀποπηδή-

2454 937 2635 992 σωμεν
2657 920 2754 990 ὀψὲ
2786 917 2918 988 γοῦν
2949 933 3080 969 ποτε
3103 915 3204 985 τῆς
3241 913 3638 986 χαλεπωτάτης
3674 913 3769 965 καὶ
3796 910 4049 992 ὀλεθρίας

2451 991 2630 1066 νόσου,
2676 1003 2764 1056 ἵνα
2816 1000 2954 1072 μετὰ
2988 998 3259 1069 λαμπρῶν
3311 997 3637 1066 ἀπέλθωμεν
3683 996 3803 1048 ἐκεῖ
3844 991 4048 1061 στεφά-

2453 1104 2580 1148 νων,
2615 1086 2712 1140 καὶ
2748 1082 3069 1153 δυνηθῶμεν
3125 1079 3434 1151 ἐλευθέροις
3483 1079 3716 1148 στόμασι
3767 1075 3906 1144 πρὸς
3957 1073 4051 1126 τὸν

2453 1168 2688 1240 Χριστὸν
2713 1168 2910 1231 εἰπεῖν,
2944 1167 3026 1218 ὅτι
3048 1162 3149 1218 Διά
3185 1163 3244 1216 σέ
3279 1163 3375 1216 καὶ
3396 1160 3496 1232 τὴν
3524 1159 3683 1225 δόξαν
3706 1156 3931 1240 τὴνσὴν
3946 1154 4049 1240 καὶ

2454 1238 2745 1321 συνηθείας
2766 1247 3280 1318 κατεφρονήσαμεν,
3301 1242 3454 1316 [248]
3479 1241 3573 1296 καὶ
3589 1239 3784 1311 ἡδονῆς
3807 1238 4048 1321 ἐκρατήξ

2455 1319 2649 1404 σαμεν,
2684 1331 2778 1386 καὶ
2809 1332 2908 1400 τὴν
2946 1329 3125 1399 ψυχὴν
3153 1327 3453 1397 ἐθλίψαμεν
3481 1325 3580 1396 τὴν
3613 1321 3914 1394 ἡμετέραν,
3953 1319 4052 1404 καὶ

2455 1402 2634 1469 πᾶσαν
2675 1414 2858 1482 φιλίαν
2901 1410 3226 1474 ἐκϐαλόντες
3272 1410 3367 1462 καὶ
3399 1406 3694 1479 πρόληψιν,
3727 1405 3788 1458 σέ
3818 1405 3916 1458 καὶ
3956 1402 4051 1457 τὸν

2455 1499 2534 1561 είς
2566 1501 2625 1551 σὲ
2664 1497 2827 1550 πόθον
2859 1495 3114 1549 ἀπάντων
3147 1492 3638 1565 προτετιμήκαμεν
3679 1487 4049 1559 πραγμάτων.

2455 1581 2613 1634 Οὕτω
2656 1579 2766 1651 γάρ
2792 1577 3169 1651 κερδανοῦμεν
3220 1577 3370 1647 ἡμᾶς
3419 1573 3640 1636 αὐτοὺς,
3681 1566 4054 1651 κερδανοῦμεν

2457 1664 2515 1718 δέ
2547 1662 2647 1726 τὰς
2667 1642 2857 1724 item;
2873 1642 3114 1722 ἐκείνας,
3137 1642 3508 1730 κερδανοῦμεν
3529 1655 3588 1709 δέ
3609 1654 3737 1717 τοὺς
3767 1650 4057 1706 σκανδαλι-
4139 1688 4145 1695 .

2458 1745 2742 1816 ζομένους,
2767 1745 2867 1798 καὶ
2898 1743 3029 1815 παρ’
3043 1741 3245 1805 αὐτοὺς
3265 1738 3579 1810 στησόμεθα
3595 1739 3721 1800 τοὺς
3739 1735 4051 1806 μάρτυρας.

2457 1833 2553 1884 καὶ
2595 1831 2693 1902 τὴν
2720 1827 2945 1900 πρώτην
2978 1823 3264 1895 ληψόμεθα
3289 1821 3462 1886 τάξιν.
3487 1821 3611 1875 Τῶν
3632 1820 3742 1891 γὰρ
3766 1818 3866 1888 τὴν
3898 1817 4057 1902 μεγί-

2458 1930 2594 1982 στην
2608 1899 2960 1983 ἀθλησάντων
2975 1907 3202 1978 ἄθλησιν
3222 1906 3460 1976 ἐκείνην,
3475 1905 3569 1958 καὶ
3588 1904 3689 1966 τὰς
3712 1899 4058 1972 ωρτερικάς

2457 1994 2788 2063 ἐνεγκόντων
2814 1993 3030 2055 ὀδύνας,
3060 1991 3162 2044 οὐκ
3223 1989 3486 2043 ἐλάττονα
3512 1986 3733 2058 τίθεμαι
3765 1984 4060 2054 ἄνθρωπον

2457 2078 2550 2130 τὸν
2579 2075 2851 2147 ἐπιθυμία
2880 2073 3248 2144 κατεχόμενον
3277 2071 3505 2142 παλαιᾷ,
3524 2072 3618 2123 καὶ
3643 2072 3702 2123 ἐν
3728 2069 3924 2147 ἡδίστη
3945 2069 4060 2123 τινὶ

2458 2161 2552 2214 καὶ
2580 2159 2787 2231 ἀρχαίᾳ
2815 2146 3366 2228 προκατειλημμένον
3397 2152 3676 2224 συνηθείᾳ,
3700 2146 3819 2205 εἶτα
3841 2151 3933 2204 διὰ
3962 2151 4059 2205 τὸν

2456 2243 2552 2296 τοῦ
2568 2242 2704 2296 Θεοῦ
2730 2240 2896 2310 φόϐον
2914 2240 3281 2294 διακόπτοντα
3301 2238 3370 2310 τὰ
3399 2235 3595 2307 δεσμὰ,
3613 2235 3709 2288 καὶ
3737 2233 3877 2306 πρὸς
3895 2235 3959 2288 τὺ
3979 2233 4062 2302 τῷ

2455 2325 2576 2397 Θεῷ
2597 2304 2789 2378 δοκοῦν
2809 2323 3197 2394 ἀνατρέχοντα.
3214 2304 3326 2374 Kal
3343 2318 3451 2389 γὰρ
3465 2304 3574 2372 τῶν
3597 2304 3804 2388 σφόδρα
3827 2317 3947 2370 ἐστὶ
3964 2335 4062 2386 χα-

2456 2407 2811 2471 λεπωτάτων,
2833 2404 3179 2476 συμπάθειάν
3199 2419 3259 2454 τε
3276 2403 3371 2455 καὶ
3387 2401 3774 2471 φιλοστοργίαν
3801 2399 4062 2455 ἐκϐαλεῖν

2457 2493 2600 2563 ἀρχα
2609 2491 2715 2553 ίαν,
2731 2491 2827 2544 καὶ
2838 2489 2936 2551 τάς
2949 2486 3325 2547 πολυπλόκους
3337 2483 3596 2553 διακόψαι
3612 2483 3806 2546 λαϐάς,
3819 2484 3917 2538 καὶ
3930 2499 4063 2536 πτε-

2462 2574 2865 2646 ροφυῆσαι,κα“ι
2885 2572 3021 2643 πρὸς
3048 2570 3146 2634 τὰς
3174 2569 3464 2641 οὐρανίους
3479 2567 3674 2638 ἀψῖδας
3697 2567 4059 2639 ἀναδραμεῖν.

2460 2659 2572 2709 Καὶ
2589 2656 2843 2727 καθάπερ
2863 2654 3091 2716 ἐκείνοις
3106 2652 3304 2722 δριμὺς
3321 2651 3350 2702 ὀ
3368 2651 3553 2714 πόνος,
3573 2651 3718 2703 οὕτω
3733 2651 3828 2704 καὶ
3843 2650 4062 2714 τούτοις

2461 2740 2789 2812 μακροτέρα
2816 2741 2849 2810 ὴ
2879 2738 3061 2808 ὀδύνη.
3095 2736 3187 2788 Διὸ
3220 2735 3316 2789 καὶ
3349 2736 3397 2788 οἱ
3441 2735 3700 2804 στέφανοι
3732 2733 3896 2787 πάλιν
3928 2735 4061 2796 ῖστοι,

2459 2823 2645 2894 ἐπειδὴ
2677 2822 2773 2875 καὶ
2797 2821 2864 2875 τὰ
2893 2818 3251 2889 παλαίσματα
3280 2819 3465 2880 αὐτοῖς
3501 2817 3824 2889 παράλληλα
3853 2819 4062 2870 κεῖται.

2458 2907 2522 2959 Ei
2556 2905 2666 2977 γὰρ
2694 2906 2722 2956 ό
2761 2901 3046 2970 ἐξαγαγὼν
3074 2900 3255 2972 τίμιον
3284 2899 3345 2964 ἐξ
3385 2899 3609 2964 ἀναξίου
3641 2900 3718 2962 ὡς
3757 2900 3934 2970 στόμα
3959 2897 4062 2952 τοῦ

2459 2983 2594 3038 Θεοῦ
2641 2984 2812 3046 ἔσται,
2849 2984 2878 3034 ὁ
2910 2982 3006 3034 καὶ
3035 2980 3228 3034 ἐαυτὸν
3257 2978 3652 3050 ἐλευθερώσας,
3681 2980 3776 3031 καὶ
3825 2979 4062 3050 μυρίους

2458 3066 2652 3129 ἄλλους
2697 3063 3014 3130 ἀπαλλάξας
3069 3061 3438 3133 κατηγορίας,
3480 3061 3736 3132 ἐννόησον
3779 3061 3905 3114 ὅσον
3959 3060 4062 3132 λήο

2457 3149 2617 3218 ψεται
2643 3147 2734 3200 τὸν
2775 3145 2990 3216 μισθὸν,
3027 3145 3120 3197 καὶ
3159 3147 3226 3215 τῇ
3277 3143 3388 3196 τῶν
3433 3142 3686 3196 ἐπάθλων
3716 3142 3900 3196 ἐλπίδι
3929 3161 4065 3196 κους

2458 3229 2748 3302 φιζόμενος
2807 3227 3225 3299 καταφρόνησον
3295 3226 3585 3298 συνηθείας
3638 3228 3920 3298 πονηρᾶς,
3970 3227 4064 3281 ἵνα

2457 3315 2601 3370 κατά
2637 3315 2699 3368 τὸ
2743 3311 2824 3383 τῷ
2869 3311 2990 3383 Θεῷ
3045 3310 3236 3365 δοκοῦν
3285 3309 3604 3384 διαδραμὼν
3653 3311 3747 3364 τὸν
3807 3309 4064 3382 παρόντα

2459 3400 2594 3472 βίον,
2630 3396 2769 3470 μετά
2802 3395 3044 3467 καθαροῦ
3077 3393 3383 3458 συνειδότος
3420 3394 3594 3463 αὐτὴν
3637 3394 3756 3465 ίδῃς
3790 3395 3929 3459 ἐκεῖ,
3959 3396 4064 3449 καὶ

2456 3485 2557 3555 τῆς
2598 3480 2911 3550 ἁγιωτάτης
2949 3478 3122 3548 αὐτῆς
3163 3477 3484 3548 ἀπολαύσῃς
3520 3476 3758 3548 ὁμιλίας.
3796 3477 3919 3530 Τῶν
3948 3479 4063 3550 γὰρ

2459 3565 2788 3636 σωματικῶν
2840 3561 3114 3616 λυθέντων
3153 3561 3365 3626 παθῶν,
3418 3563 3515 3614 καὶ
3563 3561 3663 3630 τῆς
3717 3566 4061 3634 τυραννικῆς

2459 3649 2780 3719 σϐεσθείσης
2821 3645 3142 3716 ἐπιθυμίας,
3189 3645 3344 3698 οὐδὲν
3391 3645 3452 3698 τὸ
3499 3644 3709 3698 κωλύον
3755 3645 3959 3716 ἄνδρας
3996 3664 4061 3701 τε

2455 3731 2590 3804 ὀμοῦ
2637 3733 2732 3785 καὶ
2761 3732 3028 3800 γυναῖκας
3077 3725 3218 3782 εἶναι
3267 3729 3404 3793 ἐκεῖ,
3436 3728 3618 3798 πάσης
3655 3728 3753 3799 μὲν
3807 3726 4061 3783 ἐκποδὼν

2457 3817 2699 3888 πονηρᾶς
2728 3813 2895 3884 οῦσης
2942 3813 3201 3882 ὑποψίας,
3244 3813 3344 3882 τὴν
3370 3811 3428 3864 δὲ
3460 3810 3569 3864 τῶν
3603 3811 3854 3882 ἀγγέλων
3899 3813 4061 3866 πολι-

2456 3900 2629 3964 τείαν,
2659 3897 2751 3952 καὶ
2790 3897 2897 3951 τῶν
2924 3897 3129 3968 νοερῶν
3156 3896 3439 3966 δυνάμεων
3475 3896 3698 3949 ἐκείνων
3740 3895 4061 3968 δυναμένων

2455 3981 2762 4046 διασώζειν,
2788 3980 2897 4034 τῶν
2932 3981 3011 4044 είς
3044 3982 3145 4051 τὴν
3179 3979 3459 4048 βασιλείαν
3501 3977 3613 4031 τῶν
3641 3979 3892 4050 οὐρανῶν
3943 3983 4061 4034 εἰσ-

2455 4065 2742 4137 αγομένων
2807 4065 3085 4128 ἀπάντων,
3138 4063 3320 4134 χάριτι
3371 4063 3466 4115 καὶ
3523 4062 3907 4134 φιλανθρωπίᾳ
3955 4065 4060 4118 τοῦ

2455 4147 2658 4220 Κυρίου
2705 4146 2861 4218 ἡμῶν
2901 4146 3082 4216 Ἰησοῦ
3135 4145 3406 4218 Χριστοῦ,
3447 4146 3566 4215 μεθ’
3601 4139 3662 4197 οὐ
3709 4144 3789 4215 τῷ
3840 4147 4058 4218 Πατρὶ,

2459 4231 2576 4300 ἅμα
2608 4230 2688 4301 τῷ
2720 4231 2860 4300 ἁγίῳ
2893 4229 3193 4299 Πνεύματι,
3223 4229 3374 4295 δόξα,
3396 4229 3552 4300 τιμὴ,
3586 4228 3789 4300 κράτος
3816 4230 3898 4294 είς
3927 4232 4060 4297 τοὺς

2462 4315 2667 4378 αἰῶνας
2682 4351 2685 4353 -
2700 4314 2808 4366 τῶν
2839 4312 3071 4367 αἰώνων.
3111 4314 3303 4385 Ἀμήν.

1429 4523 1592 4577 ΠΕΡΙ
1625 4523 1764 4579 ΤΟΥ
1797 4523 1929 4576 ΤΔΣ
1961 4523 2368 4578 ΚΑΝΟΝῙΚΑΣ
2397 4523 2505 4578 ΜΗ
2531 4522 2910 4578 ΣΥΝΟΙΚΕΙΝ
2940 4522 3286 4576 ΑΝΔΡΔΣΙΝ
3310 4534 3358 4576 ι.

833 4642 902 4688 α’.
939 4637 1128 4706 Οῖμοι,
1149 4635 1326 4707 ψυχήί
1370 4637 1508 4708 μετά
1530 4637 1637 4708 γὰρ
1663 4635 1758 4690 τοῦ
1791 4639 2068 4710 προφήτου
2101 4639 2196 4692 καὶ
2223 4639 2346 4709 ἐμοὶ
2390 4709 2392 4711 γ

762 4719 858 4774 νῦν
899 4716 1155 4789 εὐκαιρον
1189 4718 1344 4772 τοῦτο
1395 4723 1588 4788 εἰπεῖν,
1637 4723 1732 4774 καὶ
1775 4722 1921 4788 ἆπαξ
1979 4723 2073 4775 καὶ
2123 4722 2206 4786 δἰς
2251 4723 2346 4776 καὶ

762 4803 1041 4864 πολλάκις,
1075 4803 1263 4872 Οίμοι,
1311 4803 1486 4876 ψυχήί
1533 4806 1765 4876 πρᾶγμα
1813 4806 2019 4877 ἡλίκον,
2070 4806 2164 4860 καὶ
2213 4809 2346 4877 ὅσης

761 4885 930 4955 γέμον
974 4885 1331 4955 φιλοσοφίαςί
1372 4889 1436 4940 Ἡ
1495 4888 1762 4958 παρθενία
1810 4888 2201 4960 καθύϐρισται,
2245 4893 2346 4944 καὶ

759 4969 820 5021 τὸ
872 4969 1107 5040 διεῖργον
1165 4971 1335 5041 αὐτὴν
1399 4971 1508 5024 ἀπὸ
1555 4972 1650 5024 τοῦ
1705 4973 1887 5042 γάμου
1945 4973 2347 5045 καταπέτασμα

759 5051 1060 5123 ἀνῄρηται,
1096 5053 1200 5104 ὑπὸ
1251 5053 1624 5124 ἀναισχύντων
1677 5057 2066 5109 κατασπασθὲν
2121 5056 2342 5127 χειρῶν,

761 5135 856 5187 καὶ
881 5133 948 5186 τὰ
978 5133 1109 5202 ἅγια
1149 5133 1258 5188 τῶν
1296 5137 1467 5206 ἁγίων
1496 5139 1826 5207 πεπάτηται,
1846 5139 2027 5192 καὶτὰ
2059 5140 2230 5209 σεμνά
2253 5141 2346 5193 καὶ

760 5218 964 5288 φρίκης
994 5219 1232 5288 γέμοντα
1272 5221 1462 5290 γέγονε
1495 5222 1698 5291 βέϐηλα
1733 5223 1825 5276 καὶ
1860 5224 1993 5276 πᾶσι
2045 5222 2205 5292 βατὰ,
2251 5228 2344 5277 καὶ

758 5303 792 5370 ἡ
824 5301 916 5353 τοῦ
952 5301 1130 5371 γάμου
1185 5304 1489 5374 σεμνοτέρα
1531 5304 1786 5358 τοσοῦτον
1835 5305 2201 5375 καθειλκύσθη
2252 5307 2345 5360 καὶ

757 5385 1067 5466 κατηνέχθη
1097 5387 1266 5454 κάτω,
1291 5387 1366 5451 ὼς
1396 5389 1494 5451 τὰς
1519 5389 1911 5458 γεγαμημένας
1945 5392 2356 5466 μακαρίζεσθαι,

762 5465 985 5535 μᾶλλον.
1022 5469 1134 5522 Ἀεὶ
1181 5469 1280 5540 μέν
1320 5471 1428 5544 γὰρ
1471 5474 1504 5542 ἠ
1537 5473 1803 5544 παρθενία
1849 5475 1989 5542 μετὰ
2038 5475 2133 5529 τοῦ
2164 5477 2343 5546 γάμου

759 5551 1060 5624 ταττομένη
1095 5553 1162 5606 τὰ
1191 5557 1430 5624 πρωτεῖα
1461 5551 1596 5624 εἶχε,
1628 5555 1778 5628 [249]
1810 5558 1903 5610 καὶ
1929 5557 2027 5628 τὴν
2051 5559 2343 5630 προεδρίαν

763 5634 979 5690 ἅπασαν
998 5653 1009 5664 ·
1047 5637 1166 5688 νυνὶ
1197 5637 1252 5690 δέ
1279 5639 1398 5691 οὐδέ
1440 5639 1498 5690 ἐν
1522 5643 1588 5710 τῇ
1615 5640 1843 5712 δευτέρα
1871 5641 2021 5707 τάξει
2053 5642 2233 5711 μένειν
2262 5645 2347 5697 δε-

757 5715 1009 5788 δύνηται,
1059 5720 1196 5774 ἀλλά
1245 5721 1436 5794 πόρρω
1473 5741 1576 5777 που
1634 5724 1729 5778 καὶ
1781 5724 1918 5796 πρὸς
1960 5724 2058 5795 τὴν
2107 5727 2344 5799 ἐσχάτην

815 5851 834 5874 ⁸
856 5852 1054 5929 Titulus
1073 5857 1199 5929 ιι)υά
1219 5856 1374 5929 savii.
1406 5858 1564 5920 ξηρὸς
1599 5859 1683 5929 τὰς
1708 5857 1942 5929 ’ἐχούσας
1962 5857 2342 5929 ἆνξρα-ς-ᾳυνεισ-

751 5911 1064 5996 m1
1081 5911 1453 5996 gbuAflyersqs
1483 5911 1573 5996 ἐπὶ
1593 5917 1678 5996 gm'
1703 5911 1850 5996 rr'f-os’
1871 5911 2226 5972 ὺιιγοιίιὶειίιίοε
2246 5921 2336 5969 Im-

751 5973 876 6028 tem.
908 5973 1058 6027 Ιοὶεὶο
1081 5973 1544 6045 διέξιοῖμοηψδχή,
1566 5973 1713 6045 οἴμοι,
1739 5982 1872 6044 μετά.

2449 4638 2780 4710 ἀπελήλαται
2808 4637 2960 4703 τάξιν
2980 4653 2995 4668 °
3029 4637 3124 4690 καὶ
3152 4637 3213 4690 τὸ
3248 4635 3312 4708 δὴ
3350 4635 3380 4677 ι)
3423 4636 3824 4709 χαλεπώτερον,
3858 4639 3944 4693 δτι
3987 4641 4048 4694 οὐ

2449 4723 2694 4794 πολέμιοί
2727 4739 2871 4785 τινες
2897 4721 3017 4775 οὐδὲ
3041 4720 3248 4792 ἐχθροὶ,
3277 4720 3393 4774 ἀλλ’
3425 4722 3484 4774 al
3512 4720 3768 4774 δοκοῦσαι
3811 4722 4050 4792 μάλιστα

2449 4805 2772 4877 θεραπεύειν
2797 4805 2968 4871 αὐτὴν
2989 4803 3161 4868 οὕτως
3186 4803 3358 4875 αὐτὴν
3377 4803 3657 4873 διέθηκαν.
3677 4804 3773 4858 καὶ
3801 4807 3856 4859 αί
3883 4808 4052 4878 παρέ-

2447 4907 2637 4960 χουσαι
2662 4889 2896 4956 μάλιστα
2922 4887 3140 4941 πάντων
3165 4890 3296 4959 ἡμῖν
3313 4887 3450 4958 πρὸς
3465 4889 3592 4952 τοὺς
3626 4888 3887 4954 ἀπίστους
3903 4891 4050 4944 ἐλευ-

2448 4973 2816 5043 θεροστομεῖν,
2841 4965 3000 5025 αὗται
3027 4971 3260 5042 μάλιστα
3285 4972 3502 5024 πάντων
3519 4970 3572 5043 [ἠ
3584 4970 3696 5044 μίν]
3715 4973 4047 5045 ἀπέρῤαψαν

2447 5057 2602 5127 ἡμῶν
2619 5057 2687 5110 τὰ
2703 5058 2968 5126 στόματα,
2982 5056 3077 5109 καὶ
3098 5054 3301 5125 πολλὴν
3331 5055 3737 5108 κατεσκέδασαν
3754 5057 4042 5129 αἰσχύνην.

2518 5140 2832 5211 Χρημάτων
2892 5141 2989 5210 μὲν
3050 5139 3238 5192 ἕνεκεν
3267 5149 3289 5177 ο
3337 5137 3555 5204 ὀλίγους
3613 5139 3734 5209 μὲν,
3790 5135 3939 5211 εἶχον
3988 5143 4046 5196 δὲ

2446 5224 2594 5293 ὅμως
2625 5223 2793 5286 δεῖξαί
2847 5240 3000 5286 τινας
3023 5220 3289 5293 ’Έλληνες
3335 5223 3468 5292 παρ’
3512 5222 3696 5285 αὐτοῖς
3746 5222 4044 5297 φιλοσοφή-

2450 5321 2668 5370 σαντας,
2699 5306 2792 5360 καὶ
2818 5307 2988 5377 ὀργῆς
3011 5306 3069 5359 δέ
3101 5313 3248 5369 τινες
3275 5305 3332 5358 ἐν
3359 5304 3591 5369 ἐκείνοις
3627 5307 4040 5376 περιεγένοντο·

2447 5391 2749 5461 παρθενίας
2790 5390 2845 5444 δὲ
2895 5390 3054 5452 ἄνθος
3097 5387 3336 5460 οὐδαμοῦ
3382 5382 3514 5460 παρ’
3551 5390 3758 5455 αὐτοῖς,
3808 5389 3927 5444 ἀλλ’
3955 5393 4044 5446 ἀεὶ

2448 5473 2804 5547 παρεχώρουν
2853 5473 3086 5528 ἐνταῦθα
3136 5473 3244 5526 τῶν
3301 5473 3587 5543 πρωτείων
3633 5475 3788 5543 ἡμῖν,
3842 5475 4040 5544 ὁμολο-

2446 5557 2672 5626 γοῦντες
2711 5558 2970 5629 ἀνωτέρω
3015 5556 3116 5627 τῆς
3150 5555 3368 5626 φύσεως
3397 5550 3539 5608 εἶναι
3569 5555 3632 5609 τὸ
3677 5555 4038 5631 κατόρθωμα,

2447 5640 2540 5694 καὶ¹
2569 5641 2671 5694 οὐκ
2705 5641 3066 5713 ἀνθρώπινον.
3094 5640 3194 5694 Διά
3218 5640 3380 5693 τοῦτο
3406 5639 3613 5712 σφόδρα
3641 5639 3798 5709 ἡμῶν
3833 5640 3898 5695 τὸ
3931 5645 4043 5698 πᾶν

2447 5722 2600 5788 ἔθνος
2640 5724 2982 5796 ἐθαύμαζον·
3034 5723 3170 5778 ἀλλά
3213 5723 3310 5779 νῦν
3345 5723 3567 5786 οὐκέτι,
3614 5723 3750 5777 ἀλλά
3795 5741 4042 5798 καταγε-

2447 5805 2582 5860 λῶσι
2618 5807 2715 5861 καὶ
2752 5807 3096 5879 κωμῳδοῦσι.
3123 5806 3224 5862 Διά
3259 5805 3419 5861 τοῦτο
3460 5808 3558 5862 καὶ
3600 5808 3631 5861 ὀ
3657 5805 3909 5877 διάϐολος
3947 5826 4043 5870 το-

2507 5919 2538 5959 ι)
2563 5919 2714 5970 Savil.
2734 5919 2889 5969 καὶτὸ
2910 5919 2980 5970 δέ.

2507 5983 2529 6012 ε
2565 5983 2716 6033 SaVil.
2741 5983 2826 6048 μὲν
2841 5983 2933 6048 γὰρ
2957 5983 3130 6033 ἕνεκεν.
3150 5979 3282 6034 Infra
3300 5979 3432 6034 idem
3449 5979 3704 6044 Ἕὶληνας.
