4264 6312
257 382 363 444 ωδ

248 527 322 542 -—-
347 499 494 554 lianc
517 511 571 554 et
601 514 691 553 vos
715 509 768 554 et
801 499 900 552 hac
936 496 1329 559 sublimiorem,
1356 495 1400 548 si
1430 493 1732 560 volueritis,
1761 497 1840 546 ef-

249 594 436 646 feretls
464 591 780 646 sententiam
814 585 880 644 de
921 586 1290 656 intempestiva
1329 585 1431 640 hac
1458 583 1726 654 voluptate
1746 625 1759 646 ,
1792 582 1838 638 si

248 683 633 754 aliquantisper
673 698 703 736 a
744 682 882 736 mala
925 677 1313 735 consuetudine
1343 689 1437 731 vos
1475 675 1833 744 scjunxeritis.

249 775 502 842 Quamvis
528 784 702 828 autem
729 788 758 826 a
787 767 1075 828 Salomone
1104 768 1315 824 smculis
1343 758 1708 837 superioribus
1732 781 1836 820 non

250 875 356 918 tam
412 866 577 918 multa
629 864 904 934 sapientia:
951 862 1262 932 exigebatur
1305 858 1611 930 diligentia;
1664 872 1839 927 neque

245 957 388 1009 enim
426 955 644 1009 delicias
684 950 772 1010 lex
815 964 968 1010 vetus
1003 951 1353 1024 prohibebat,
1385 962 1559 1021 neque
1588 945 1706 1005 aliis
1734 945 1836 1003 frui

246 1046 590 1114 supervacuis
629 1042 839 1099 dicebat
877 1060 997 1100 esse
1037 1057 1267 1106 vanum;
1307 1049 1544 1096 attamen
1583 1050 1640 1097 et
1673 1028 1751 1096 sic
1777 1055 1838 1096 se

250 1129 568 1188 habentibus
607 1128 765 1190 rebus
804 1135 856 1188 in
884 1127 1012 1203 ipsis
1038 1132 1282 1188 contueri
1320 1131 1490 1201 potuit
1516 1146 1674 1201 quam
1703 1131 1838 1187 viles

247 1234 302 1278 et
327 1223 544 1277 vanitati
570 1221 811 1278 obnoxiae
847 1239 933 1278 res
965 1232 1165 1278 essent.
1196 1221 1303 1276 Nos
1326 1236 1455 1276 vero
1480 1217 1546 1275 ad
1579 1219 1834 1290 majorem

248 1319 424 1371 vocati
446 1319 706 1382 vitam,'et
730 1318 795 1371 ad
821 1316 1167 1372 excellentius
1188 1315 1450 1385 fastigium
1473 1307 1832 1379 ascendimus,

246 1416 302 1461 et
330 1408 383 1461 in
427 1399 715 1476 majoribus
745 1423 1058 1462 exercemur
1098 1406 1377 1476 pahestris.
1405 1403 1474 1459 Et
1500 1394 1626 1474 quid
1655 1403 1796 1457 aliud
1816 1443 1835 1471 ,

244 1515 403 1566 quam
433 1499 570 1568 quod
615 1500 752 1553 sicut
793 1514 1036 1569 superante
1064 1497 1298 1551 Virtutes
1321 1537 1336 1561 ,
1376 1495 1756 1551 intellectuales
1782 1504 1836 1549 et

245 1589 574 1657 incorporea:
603 1582 706 1643 illa:
732 1590 868 1643 viam
897 1589 1174 1643 instituere
1197 1587 1484 1655 jubemur?
1506 1587 1712 1643 Annon
1740 1587 1834 1656 igi-

244 1688 334 1735 tur
352 1691 434 1735 est
453 1690 624 1750 turpe,
649 1688 994 1750 extremoQue
1013 1678 1275 1749 supplicio
1295 1677 1534 1748 dignum,
1557 1677 1648 1731 illo
1668 1677 1835 1731 multo

243 1771 480 1824 minores
517 1786 808 1840 apparere;
838 1779 894 1825 et
937 1785 1042 1824 non
1085 1769 1257 1824 solum
1287 1758 1555 1822 concessis
1583 1780 1689 1822 non
1718 1759 1833 1819 fieri

242 1861 601 1926 sublimiores,
638 1871 694 1915 ut
721 1862 829 1923 ille.
863 1860 958 1915 sed
995 1869 1049 1915 et
1078 1861 1236 1913 vetita
1275 1857 1513 1929 aggredi,
1544 1873 1661 1928 qua:
1691 1857 1831 1911 into-

242 1951 515 2006 lcrabilem
539 1965 749 2021 poenam
769 1946 1024 2006 alTerant?
1044 1944 1175 2004 Nam
1201 1951 1250 2002 in
1273 1950 1450 2002 anima
1472 1949 1665 2002 malum
1685 1963 1833 2002 amo-

242 2059 357 2099 rem
395 2057 644 2112 pascere,
673 2059 736 2097 ex
767 2039 1196 2111 concupiscentia
1237 2050 1479 2110 Spectare
1517 2039 1792 2094 mulierem
1812 2078 1827 2104 ,

238 2135 502 2204 Speculari
522 2135 746 2189 alienam
773 2134 1175 2200 formositatem,
1199 2127 1552 2186 dehonestare
1574 2131 1828 2199 seipsum,

240 2241 437 2280 nocere
475 2225 876 2290 infirmioribus,
905 2225 1097 2279 multas
1124 2218 1405 2293 gentilibus
1431 2233 1484 2278 et
1510 2215 1707 2277 Judzeis
1735 2239 1830 2277 an-

237 2331 327 2370 sas
359 2318 615 2386 prazbere,
645 2317 970 2371 domesticos
996 2327 1051 2370 et
1074 2314 1277 2369 alienos
1303 2315 1667 2388 supplantare,
1695 2316 1828 2369 mul-

239 2416 452 2475 tamque
478 2416 664 2460 contra
703 2405 797 2462 Dei
836 2405 1058 2475 gloriam
1087 2417 1377 2474 procurare
1402 2404 1784 2473 blasphemiam
1810 2445 1826 2472 ,

233 2496 420 2551 servili
469 2495 763 2551 ministerio
808 2498 1139 2567 mancipatos
1183 2509 1336 2561 esse,
1383 2495 1448 2549 ad
1496 2495 1826 2549 saecularium

237 2588 568 2655 negotiorum
599 2588 808 2648 turbam
839 2601 936 2640 nos
967 2587 1111 2656 ipsos
1135 2583 1426 2649 intrudere,
1457 2584 1705 2638 donatam
1735 2602 1828 2638 tto-

234 2679 318 2732 his
340 2679 637 2733 libertatem
659 2679 872 2735 diabolo
893 2678 1198 2749 propinare,
1227 2688 1279 2732 et
1301 2692 1421 2731 cum
1446 2676 1825 2730 immaniSsitna

232 2772 515 2840 tyrannide
540 2781 904 2836 commutare;
929 2770 1208 2825 ridiculum
1235 2769 1446 2838 quidem
1473 2769 1677 2834 amicis,
1707 2785 1828 2838 pro-

231 2864 449 2917 brosum
479 2879 604 2918 vero
631 2864 854 2917 inimicis
880 2877 1018 2927 esse,
1049 2863 1239 2915 malam
1267 2861 1408 2914 ontni
1439 2860 1689 2914 Ecclesiae
1713 2863 1824 2929 opi-

231 2956 443 3009 nionem
470 2956 741 3019 invehere,
767 2954 1092 3008 confundere
1112 2952 1388 3007 honestam
1413 2952 1725 3020 virginitatis
1748 2952 1826 3005 tli-

229 3047 504 3116 gnitatem,
532 3056 585 3099 et
608 3046 997 3098 luxuriantibus
1019 3046 1211 3098 multas
1232 3044 1475 3114 pnebere
1494 3043 1823 3110 occasiones,

228 3138 438 3205 aliaque
475 3136 556 3189 his
595 3136 743 3204 plura
787 3134 964 3189 facere
1003 3133 1224 3203 gravia;
1267 3148 1440 3203 neque
1479 3135 1619 3204 enim
1649 3137 1826 3188 omnia

228 3227 370 3282 scire
413 3227 571 3290 licet,
622 3235 709 3278 aut
756 3225 931 3280 verbis
967 3225 1298 3292 exprimere,
1341 3238 1689 3293 quaicumque
1731 3239 1828 3292 per

232 3317 536 3388 hujusmodi
581 3333 740 3387 opera
785 3317 1048 3370 sustinent
1078 3334 1092 3370 :
1123 3315 1238 3368 haec
1273 3323 1329 3369 et
1366 3314 1520 3368 valde
1563 3314 1824 3383 prohibita

230 3421 378 3476 sunt,
410 3420 462 3464 et
493 3411 783 3464 cruciatum
814 3409 1203 3463 intolerabilem
1231 3422 1410 3462 secum
1441 3403 1690 3462 afferunt.
1723 3405 1824 3462 Ita-

229 3517 336 3571 que
369 3495 676 3569 Iicet‘parva
706 3500 864 3555 etiam
908 3500 1148 3568 voluptas
1176 3500 1276 3562 sit,
1308 3507 1645 3566 opponantur
1670 3498 1716 3552 ei
1748 3498 1823 3551 ri-

230 3607 343 3656 sus,
370 3591 630 3655 confusio,
660 3591 947 3644 multorum
977 3589 1324 3657 suspiciones,
1357 3587 1819 3656 reprehensiones,

231 3676 505 3748 convicia,
538 3682 978 3752 exprobrationes
1001 3721 1016 3746 ,
1055 3679 1250 3734 vermis
1293 3679 1381 3747 qui
1429 3692 1534 3732 non
1575 3677 1818 3744 moritur,

230 3775 468 3830 tenebrae
495 3773 807 3838 exteriores,
845 3772 980 3841 ignis
1018 3765 1483 3839 inexstinguibilis,
1516 3768 1815 3832 tribulatio,

228 3865 471 3938 angustia
498 3907 512 3932 ,
549 3865 748 3920 stridor
781 3861 1022 3918 dentium
1049 3905 1063 3928 ,
1094 3862 1300 3916 vincula
1339 3856 1672 3925 insolubilia;
1707 3859 1821 3914 hazc

784 385 968 457 QUOD
1007 379 1420 442 REGULAltEs‘
1461 370 1742 440 FEMtNAs
1789 377 1960 437 vmts
1995 379 2439 436 consere-sna
2477 380 2621 437 NON
2655 380 2991 437 DEBEANT.

3432 381 3544 437 518

1951 497 2089 546 sicut
2126 491 2179 546 in
2213 500 2411 546 statera
2436 492 2802 562 appendamus
2823 534 2838 556 ,
2869 492 3273 561 resiliamusque
3303 493 3385 545 vel
3417 505 3542 546 sero

1947 597 1978 637 a
2018 574 2318 653 pernicioso
2351 583 2771 653 gravissimeque
2802 583 2903 638 hoc
2941 582 3128 637 morbo
3148 623 3163 648 ,
3193 590 3253 635 ut
3280 596 3403 636 cum
3435 581 3542 635 ful-

1945 675 2192 745 gentibus
2229 674 2442 730 coronis
2480 675 2606 730 illuc
2639 676 2965 745 migremus,
2998 683 3052 729 et
3081 675 3346 743 possimus
3371 672 3540 729 libero

1945 782 2040 822 ore
2063 767 2130 822 ad
2149 765 2416 822 Christum
2439 766 2618 822 dicere
2645 786 2656 820 :
2681 768 2906 836 Propter
2925 775 2979 822 te
3003 775 3056 821 et
3081 775 3296 836 propter
3313 766 3538 836 gloriam

1947 867 2088 914 tuam
2119 868 2173 914 et
2201 858 2583 915 familiaritates
2607 861 3045 929 contempsimus,
3074 869 3128 914 et
3151 860 3406 928 voluptati
3436 859 3540 912 itn~

1947 949 2267 1020 peravimus,
2300 958 2356 1005 et
2379 945 2611 1005 animam
2641 960 2878 1005 nostram
2899 949 3207 1016 affliximus,
3234 951 3541 1019 rejectaque

1949 1042 2096 1097 omni
2130 1041 2362 1096 amicitia
2392 1051 2446 1097 et
2473 1042 2816 1112 prwjudicata
2841 1041 3092 1110 opinione
3120 1051 3168 1096 te
3193 1053 3540 1108 amoremque

1944 1120 2023 1188 tui
2047 1131 2208 1188 rebus
2231 1125 2480 1190 omnibus
2504 1134 2910 1204 praeposuimns.
2941 1131 3031 1188 Sic
3050 1133 3189 1187 enim
3214 1126 3539 1186 lucrabimur
3589 1198 3592 1201 Α

1944 1237 2042 1278 nos
2072 1224 2216 1292 ips'os
2236 1265 2251 1291 ,
2280 1221 2608 1279 lucrabimur
2645 1223 2870 1297 miseras
2907 1224 3024 1278 illas
3042 1265 3056 1289 ,
3095 1217 3420 1277 lncrabimur
3443 1236 3538 1275 eos

1943 1314 2033 1384 qui
2060 1309 2524 1380 scandalizantur;
2555 1325 2610 1370 et
2637 1328 2758 1369 cum
2785 1314 3109 1386 martyribus
3133 1312 3533 1375 collocabimur,

1944 1403 2220 1474 primoque
2247 1406 2301 1459 iu
2328 1406 2516 1460 ordine
2542 1406 2762 1460 erimus.
2791 1398 2924 1460 Nam
2951 1405 3035 1472 iis,
3064 1406 3151 1474 qui
3182 1407 3281 1459 hoc
3304 1404 3537 1458 maximo

1941 1496 2236 1550 certamine
2260 1496 2521 1563 vicerunt,
2550 1509 2601 1551 et
2630 1495 2840 1551 fortiter
2861 1496 3128 1551 cruciatus
3151 1499 3404 1559 tulerunt,
3427 1510 3535 1549 non

1942 1585 2204 1640 minorem
2233 1602 2373 1656 pono
2402 1586 2674 1642 hominem
2701 1589 3131 1658 concupiscentia
3158 1588 3322 1642 veteri
3350 1585 3536 1642 deten-

1943 1685 2055 1729 tum
2079 1685 2134 1730 et
2157 1667 2211 1730 in
2238 1677 2553 1733 suavissima
2579 1688 2633 1733 et
2666 1680 2883 1749 antiqua
2912 1676 3297 1734 consuetudine
3329 1693 3532 1748 praeoc-

1939 1775 2188 1835 cupatum
2211 1806 2226 1833 ,
2255 1775 2310 1821 et
2341 1766 2534 1822 deinde
2574 1783 2669 1837 per
2709 1769 2956 1824 timorem
2987 1763 3079 1823 Dei
3111 1769 3534 1838 disrumpentcm

1940 1856 2168 1923 vincula,
2192 1866 2246 1911 et
2265 1857 2330 1910 ad
2354 1852 2405 1912 id
2427 1859 2567 1929 quod
2601 1859 2707 1913 Deo
2740 1859 2994 1929 probatur
3021 1868 3404 1915 recurrentem.
3438 1859 3537 1912 Est

1939 1948 2080 2002 enim
2109 1958 2161 2001 et
2189 1947 2291 2002 hoc
2317 1949 2484 2003 multo
2507 1945 2782 2005 difficilius
2801 1991 2814 2014 ,
2841 1949 3088 2006 affectum
3114 1961 3168 2005 et
3194 1950 3533 2004 dilectionem

1937 2041 2288 2096 inveteratam
2329 2043 2552 2112 ejicere,
2588 2053 2643 2097 et
2684 2043 3007 2113 multiplices
3047 2044 3358 2097 occasiones
3391 2042 3532 2095 avel-

1938 2131 2081 2196 lere;
2112 2140 2166 2187 et
2191 2134 2478 2203 assumptis
2504 2133 2602 2187 alis
2628 2133 2694 2187 ad
2723 2134 2966 2188 etelestes
2995 2133 3203 2202 apsides
3235 2147 3530 2186 recurrere.

1937 2222 2004 2276 Et
2024 2222 2163 2278 sicut
2187 2234 2478 2294 martyrum
2505 2224 2658 2279 velox
2687 2224 2856 2289 labor,
2886 2224 2957 2278 ita
2978 2232 3034 2278 et
3059 2224 3247 2277 hormn
3275 2222 3534 2293 prolixior

1934 2312 2109 2368 dolor.
2141 2315 2476 2384 Quapropter
2502 2323 2558 2370 et
2587 2329 2744 2384 pares
2773 2329 2988 2369 coronae
3008 2357 3021 2381 ,
3052 2315 3303 2384 quoniam
3333 2323 3387 2368 et
3411 2328 3530 2366 eer—

1937 2407 2134 2460 tamina
2167 2407 2303 2461 inter
2326 2421 2387 2462 se
2412 2417 2536 2462 sunt
2569 2407 2781 2462 similia.
2813 2407 2946 2462 Nam
2976 2407 3021 2462 si
3046 2408 3134 2477 qui
3161 2406 3340 2462 educit
3363 2417 3416 2460 et
3440 2420 3530 2459 se-

1937 2507 2087 2568 parat
2113 2499 2402 2567 pretiosum
2437 2513 2468 2552 a
2495 2497 2586 2553 vili
2612 2497 2744 2570 (Jer.
2776 2497 2862 2553 15.
2895 2496 3006 2568 19),
3034 2498 3169 2552 sicut
3196 2512 3256 2551 os
3286 2492 3380 2551 Dei
3407 2495 3528 2560 erit,

1934 2590 2104 2658 quiet
2141 2590 2376 2658 seipsum
2414 2590 2755 2657 liberaverit,
2792 2600 2846 2645 et
2878 2591 3071 2645 multos
3110 2590 3244 2644 alios
3284 2588 3532 2643 crimina-

1936 2681 2079 2734 tione
2118 2681 2412 2746 exemerit,
2439 2682 2608 2751 cogita
2651 2692 2904 2750 quantam
2939 2681 3164 2750 accipiet
3195 2678 3528 2742 mercedem,

1933 2779 1985 2825 et
2018 2771 2355 2840 praemiorum
2387 2787 2482 2840 spe
2510 2771 2641 2827 levis
2667 2782 2722 2826 et
2754 2772 2976 2837 alacris,
3011 2781 3296 2826 contemne
3333 2768 3528 2824 malam

1933 2863 2392 2924 consuetudinem,
2425 2873 2481 2916 ut
2504 2861 2654 2932 juxta
2684 2861 2779 2916 Dei
2807 2862 3134 2916 voluntatem
3170 2859 3395 2916 decursa
3422 2861 3528 2913 vita

1935 2950 2054 3016 hac,
2073 2966 2192 3005 cum
2208 2967 2338 3020 pura
2357 2949 2499 3006 illam
2517 2952 2844 3006 conscientia
2857 2952 2908 3005 in
2924 2951 3069 3005 cwlis
3083 2952 3282 3014 videas,
3300 2951 3499 3005 sanctis
3511 2981 3527 2990 -

1934 3043 2176 3113 simaque
2205 3043 2346 3098 illius
2375 3044 2784 3099 conversatione
2812 3045 3025 3098 fruaris.
3069 3043 3202 3098 Nam
3227 3042 3313 3097 ubi
3335 3059 3528 3113 corp:-

1934 3135 2074 3187 rales
2099 3133 2412 3189 affectiones
2435 3135 2622 3189 solutze
2649 3132 2866 3202 fuerint,
2897 3144 2951 3189 et
2975 3137 3236 3191 exstincta
3266 3135 3422 3189 fuerit
3449 3144 3528 3205 ty-

1933 3226 2150 3279 rannica
2176 3227 2632 3296 concupiscentia,
2658 3226 2859 3281 nullum
2887 3229 2988 3284 erit
3013 3224 3343 3281 obstaculum
3370 3227 3530 3282 simul

1933 3315 2003 3369 ibi
2030 3331 2149 3370 esse
2179 3316 2454 3372 mulierem
2487 3327 2539 3371 et
2568 3317 2758 3384 virum,
2783 3333 2813 3373 e
2838 3318 3013 3372 medio
3039 3314 3260 3372 sublatis
3282 3318 3530 3372 omnibus

1931 3406 2325 3474 suspicionibus
2363 3407 2514 3462 malis
2540 3450 2554 3471 ,
2591 3417 2646 3462 et
2683 3423 2843 3478 agere
2883 3417 2937 3462 et
2977 3423 3189 3463 scrvare
3219 3422 3339 3462 cum
3372 3408 3529 3462 liceat

1929 3497 2200 3563 omnibus,
2232 3498 2321 3566 qui
2360 3497 2413 3552 in
2443 3512 2666 3568 regnum
2699 3498 2954 3553 czelorum
2987 3498 3413 3562 introducuntur,
3446 3499 3526 3550 vi-

1931 3597 2060 3649 tam.
2079 3604 2236 3657 quam
2261 3596 2426 3657 agunt
2449 3589 2647 3658 angeli,
2661 3598 2717 3643 et
2736 3589 3124 3643 intellectuales
3149 3587 3249 3642 illa:
3265 3588 3520 3648 Virtutes,

1930 3678 2097 3748 gratia
2124 3687 2178 3731 et
2206 3677 2531 3746 benignitate
2560 3679 2768 3733 Domini
2795 3678 2965 3734 nostri
2994 3675 3119 3733 Jesu
3157 3677 3373 3740 Christi,
3403 3693 3524 3731 cum

1929 3786 2033 3840 quo
2075 3771 2217 3824 Patri
2264 3787 2367 3825 una
2412 3788 2534 3826 cum
2574 3759 2776 3841 Spiritu
2815 3781 3000 3826 sancto
3039 3772 3237 3841 gloria,
3269 3773 3438 3826 honor
3474 3781 3526 3823 et

1931 3859 2211 3929 imperium
2239 3861 2292 3914 in
2317 3861 2512 3915 smcula
2543 3861 2881 3916 saeculorum.
2915 3862 3106 3916 Amen.

224 3989 3519 4016 —-.—_———.———-———h——-——-II_——————_-——-——I——I—I

561 4072 776 4148 QUOD
820 4069 1291 4134 REGUL-ARES
1333 4067 1663 4128 FEMlN/E
1709 4067 1923 4129 VIRIS
1967 4022 2486 4130 consertam;
2529 4032 2692 4132 NON
2736 4070 3109 4134 DEBEANT
3159 4065 3199 4127 ι.

303 4249 354 4303 Ι.
386 4246 500 4301 lleu
531 4259 648 4305 me,
680 4256 714 4295 ο
751 4239 959 4294 anima!
998 4239 1076 4293 sic
1116 4239 1258 4292 enim
1296 4250 1395 4306 ego
1431 4249 1643 4305 quoque
1681 4248 1822 4289 nunc

227 4354 351 4396 cum
378 4336 636 4408 propheta
664 4333 974 4402 tempestive
998 4331 1141 4396 dico,
1173 4339 1226 4384 et
1252 4329 1419 4383 semel
1446 4337 1501 4382 ct
1539 4328 1732 4382 iterum
1756 4341 1821 4382 ac

227 4430 446 4501 sapius,
481 4428 590 4481 Heu
621 4441 726 4486 me.
756 4439 788 4476 ο
813 4424 1014 4487 anima,
1041 4421 1199 4490 quale
1227 4418 1521 4489 negotium,
1544 4427 1598 4472 et
1623 4428 1818 4486 quanta

229 4521 472 4589 indigens
517 4514 879 4587 philosOphia!
924 4511 1213 4580 Virginitas
1253 4510 1446 4578 injuria
1481 4517 1564 4560 est
1591 4507 1814 4572 affecta;

229 4611 406 4665 velum
439 4607 580 4678 quod
619 4621 735 4659 eam
770 4619 799 4657 a
840 4603 1036 4670 nuptiis
1064 4603 1379 4670 separabat,
1408 4598 1670 4653 sublatum
1699 4608 1815 4664 est,

226 4715 282 4761 et
314 4703 382 4758 ab
403 4685 898 4770 .impudentissimis
932 4694 1178 4749 manibus
1216 4692 1561 4746 dilaceratnm
1593 4708 1604 4745 :
1633 4700 1818 4745 sancta

225 4805 535 4852 sanctorum
581 4788 888 4844 conculcata
935 4795 1098 4851 sunt,
1146 4785 1368 4837 honesta
1408 4793 1461 4836 et
1505 4781 1817 4835 reverentia:

227 4889 385 4959 plena
432 4882 709 4954 profanata
747 4889 802 4933 et
841 4877 1089 4932 omnibus
1127 4874 1328 4944 pervia.
1369 4874 1498 4939 Qua:
1542 4870 1819 4926 honestior

228 4977 408 5047 nuptis
438 4983 572 5039 erat,
603 4972 738 5025 adeo
758 4969 1011 5037 depressa
1040 4974 1121 5020 est
1145 4973 1200 5020 et
1225 4964 1520 5028 humiliata,
1547 4971 1603 5016 ut
1627 4978 1725 5032 nul
1740 4971 1817 5016 tas

229 5069 395 5136 magis
419 5066 598 5137 dicere
625 5062 809 5116 beatas
835 5061 1012 5114 liceat.
1039 5059 1262 5125 Semper
1293 5053 1508 5125 quidem
1542 5055 1817 5136 virginitas

226 5176 346 5213 cum
375 5155 623 5224 conjugio
649 5161 956 5220 comparata
987 5149 1184 5218 primas
1215 5155 1392 5215 partes
1423 5144 1589 5198 lenuit
1619 5155 1670 5196 et
1697 5159 1815 5197 om-

228 5265 349 5305 nem
386 5249 698 5317 dignitatcm
729 5262 741 5296 :
773 5258 913 5296 nunc
951 5250 1128 5296 autem
1171 5253 1339 5308 neque
1376 5238 1428 5291 in
1469 5237 1703 5292 secundo
1730 5253 1817 5290 or-

225 5343 350 5395 dine
378 5351 595 5395 mancrc
623 5335 815 5405 potuit,
843 5332 936 5389 sed
966 5331 1121 5386 valde
1149 5328 1331 5399 procul
1358 5337 1411 5382 et
1437 5327 1591 5396 plane
1617 5331 1670 5380 in
1694 5326 1816 5380 ulti-

228 5447 377 5485 mum
416 5428 684 5484 concessit
713 5425 986 5488 ordinem;
1011 5433 1065 5476 ct
1093 5421 1232 5490 quod
1258 5420 1425 5473 multo
1449 5419 1680 5487 gravius,
1710 5435 1817 5471 non

229 5522 437 5588 hostes,
458 5533 630 5588 neque
656 5515 878 5581 inimici,
901 5513 994 5568 sed
1022 5514 1149 5583 ipsae
1173 5511 1508 5581 potissimum
1529 5525 1646 5578 qua:
1671 5508 1817 5562 illam

295 5654 314 5684 ι
349 5652 535 5700 Titulus
557 5649 684 5712 apud
705 5645 884 5712 savil.,_
901 5645 1133 5712 adversus
1144 5655 1239 5712 _e_as
1262 5638 1354 5712 qui
1376 5639 1500 5712 viros
1515 5635 1817 5712 _introc_iucti-

231 5713 317 5766 tios
339 5712 526 5762 habent.
551 5701 644 5760 Sed
665 5712 716 5759 in
738 5701 954 5768 margine
981 5706 1121 5755 savil.
1143 5705 1270 5752 idem
1295 5701 1400 5750 fere
1421 5702 1588 5768 titulus
1611 5702 1817 5768 habetur

337 5776 386 5825 in
408 5761 677 5822 atorelliana
701 5761 948 5838 Editio'ne,
968 5777 1213 5838 quemque
1241 5777 1326 5838 nos
1344 5763 1653 5838 retinendum
1674 5761 1817 5810 duxi-

234 5825 357 5886 tims.
381 5842 594 5896 Uterque
617 5844 735 5879 vero
758 5829 956 5891 quadrat
979 5825 1038 5876 ad
1062 5825 1402 5887 argumentum
1419 5825 1656 5888 Opusculi.

563 5927 834 5990 ΡΔτιιοι.
881 5925 1000 5987 Gtt.
1043 5924 1292 5988 XLVII.

1929 4235 2106 4290 colere
2149 4235 2466 4290 videbantur
2503 4252 2623 4292 eam
2659 4240 2738 4292 sic
2780 4237 3109 4302 affecerunt,
3145 4248 3195 4292 et
3222 4253 3300 4292 ea:
3329 4238 3520 4308 quibus

1926 4323 2044 4380 fulti
2073 4325 2327 4380 adversus
2356 4327 2601 4382 infideles
2641 4327 2898 4383 hactenus
2944 4329 3110 4384 libere
3148 4328 3517 4398 loquebamur,

1927 4419 2032 4473 illa:
2058 4420 2184 4489 ipsa:
2211 4437 2303 4474 ora
2329 4430 2512 4475 nostra
2541 4420 2772 4475 maxime
2797 4423 3067 4486 obturant,
3098 4430 3150 4475 et
3183 4422 3349 4474 multa
3375 4421 3520 4490 igno-

1926 4512 2090 4566 minia
2117 4513 2444 4567 suffundunt.

1997 4608 2150 4677 Apud
2172 4605 2375 4660 ercos
2396 4622 2486 4660 seu
2510 4606 2717 4676 gentiles
2738 4605 2954 4675 virgines
2974 4621 3072 4657 non
3098 4613 3261 4657 erant.
3285 4634 3354 4643 --
3380 4603 3520 4657 Inter

1926 4699 2140 4756 Graecos
2172 4700 2190 4730 ί
2230 4713 2360 4752 sane
2415 4697 2632 4766 quidam
2668 4697 2792 4750 licet
2849 4698 3001 4765 pauci
3041 4696 3113 4749 ita
3155 4693 3515 4763 pltilosOphati

1925 4791 2155 4853 fuerunt,
2184 4800 2239 4843 ut
2265 4805 2425 4859 opum
2456 4798 2638 4843 essent
2657 4797 3072 4855 contemptores,
3098 4795 3149 4839 et
3173 4788 3303 4853 iram
3332 4786 3516 4839 vince-

1923 4891 2073 4947 rent;
2101 4881 2416 4952 virginitatis
2442 4888 2588 4935 certe
2612 4878 2712 4934 flos
2738 4878 2886 4932 nullo
2913 4876 3074 4931 modo
3094 4876 3232 4944 apud
3259 4876 3376 4929 illos
3399 4875 3513 4940 fuit,

1924 4977 1976 5031 in
1999 4992 2101 5046 qua
2128 4990 2340 5043 semper
2359 4981 2741 5028 concesserunt
2761 4971 2917 5026 nobis
2939 4970 3162 5041 primam
3185 4969 3514 5039 dignitatem,

1923 5072 2151 5126 fatentes
2187 5086 2300 5125 rem
2333 5083 2492 5138 supra
2527 5079 2771 5122 naturam
2810 5082 2929 5121 esse
2961 5075 3014 5121 et
3054 5081 3161 5119 non
3204 5065 3514 5118 humanam.

1924 5165 2048 5219 Ideo
2077 5164 2181 5218 illis
2219 5162 2467 5216 omnibus
2510 5175 2734 5214 summa:
2777 5159 3117 5213 admirationi
3155 5157 3388 5218 fuimus;
3422 5157 3516 5210 sed

1924 5271 2065 5310 nunc
2092 5271 2196 5309 non
2225 5255 2383 5318 item,
2416 5253 2539 5322 quin
2584 5252 2758 5321 potius
2789 5249 3035 5304 derident
3063 5263 3161 5303 nos
3188 5260 3240 5304 et
3274 5250 3324 5302 in
3360 5247 3515 5300 falin-

1924 5348 2029 5402 lam
2067 5355 2299 5402 vertunt.
2331 5345 2454 5399 Ideo
2487 5343 2732 5398 diabolus
2776 5341 2848 5396 ita
2885 5350 3071 5396 contra
3118 5340 3262 5392 hunc
3299 5354 3515 5407 gregem

1920 5439 2173 5508 spiravit,
2206 5437 2458 5507 quoniam
2486 5435 2616 5489 vidit
2656 5435 2709 5488 in
2746 5434 2846 5487 hac
2884 5432 3220 5503 potissimum
3253 5431 3516 5500 phalange

1923 5531 2180 5601 fulgidum
2221 5527 2417 5583 Christi
2459 5527 2749 5581 exercitum
2796 5543 2808 5578 ε
2849 5525 3032 5594 sicque
3077 5525 3298 5577 tentavit
3345 5531 3515 5591 ipsam

1920 5620 2268 5687 confundere,
2295 5628 2354 5673 ut
2378 5617 2598 5687 posthac
2620 5617 2812 5671 melius
2834 5616 2920 5682 sit,
2951 5631 3016 5670 ne
3043 5614 3274 5684 virgines
3299 5614 3516 5684 quidem

1985 5757 2003 5789 ⁸
2041 5764 2106 5805 De
2123 5754 2401 5811 virginitate
2423 5762 2451 5798 a
2469 5748 2732 5811 gentilibus
2750 5750 2797 5793 in
2821 5745 3006 5811 honore
3031 5748 3207 5803 habita,
3233 5749 3345 5793 vute
3372 5749 3515 5791 Attia-

1926 5789 2109 5870 αλείῶ
2131 5789 2186 5868 ἶῙὶ
2197 5789 2568 5875 trama;
2574 5789 3118 5865 Jama—uana};
