4264 6312
718 335 822 388 515

716 462 862 508 esse,
897 460 1013 511 qua:
1052 444 1123 497 in.
1161 460 1271 499 .em
1315 446 1452 501 hanc
1482 446 1791 516 suscipiant.
1820 445 1992 502 Causa
2030 446 2290 503 malorum

715 536 952 589 omnium
977 574 992 599 ,
1019 535 1157 603 quod
1185 536 1399 589 noniinc
1433 545 1586 590 tenus
1615 537 1785 591 solum
1816 551 1903 591 res
1930 539 2215 604 consistat,
2242 545 2294 593 et

716 628 983 696 negotium
1005 637 1170 682 totum
1200 630 1251 682 in
1279 644 1371 683 ore
1386 628 1845 698 circumscriptum
1867 630 1957 695 sit,
1981 628 2122 702 quod
2149 630 2293 686 scili-

713 728 800 774 cet
828 719 1044 781 minima
1072 718 1386 788 virginitatis
1414 734 1538 787 pars
1567 728 1685 785 est;
1714 735 1832 789 quae.
1857 730 2031 776 autem
2048 721 2178 791 plus
2202 736 2299 776 ne-

712 811 969 875 cessaria,
998 820 1050 865 et
1077 811 1243 878 ipsam
1274 811 1443 881 magis
1476 810 1868 878 demonstrant,
1897 812 2134 882 neglecta
2165 812 2291 877 sint,

712 912 769 957 et
811 902 951 956 nulla
993 902 1130 955 ratio
1182 902 1440 957 habeatur
1480 904 1744 967 vestium,
1785 919 1906 973 qua:
1936 904 2292 974 virginitatem

712 992 942 1059 decent,
971 991 1054 1047 vel
1091 992 1324 1059 silentii,
1354 992 1436 1047 vel
1468 992 1927 1063 compunctionis,
1954 994 2037 1047 vel
2069 994 2295 1064 alicujus

714 1081 764 1135 id
788 1098 975 1151 genus.
1006 1082 1144 1149 Quin
1173 1090 1378 1137 temere
1408 1092 1673 1152 nugantur
1699 1084 1900 1149 omnia,
1928 1093 1979 1139 et
2011 1076 2185 1139 rident
2214 1086 2295 1139 in-

713 1175 1028 1244 tempestive
1052 1214 1067 1238 ,
1097 1183 1150 1226 et
1182 1155 1568 1227 tumultuantur
1588 1216 1601 1238 ,
1631 1183 1686 1227 et
1711 1175 1762 1228 iu
1788 1174 1991 1229 deliciis
2020 1173 2185 1244 magis
2211 1175 2291 1228 vi-

712 1274 841 1319 vunt
866 1307 881 1330 ,
913 1279 1067 1334 quam
1101 1263 1349 1318 mulieres
1376 1264 1496 1333 qua:
1532 1263 1583 1317 in
1616 1262 1817 1318 fornice
1858 1258 2137 1332 prostant,
2164 1263 2291 1317 dum

710 1364 1036 1424 spectatores
1064 1353 1268 1408 technis
1293 1353 1404 1407 suis
1433 1353 1663 1423 undique
1692 1351 1980 1422 pelliciuut,
2013 1362 2067 1407 et
2096 1353 2148 1406 in
2180 1366 2293 1405 me-

710 1445 960 1499 retricum
1012 1442 1390 1513 turpitudinem
1435 1457 1492 1497 se
1529 1442 1795 1511 conjicere
1833 1450 2126 1507 conantur,
2156 1454 2219 1495 ac
2246 1440 2290 1494 si

712 1551 832 1590 cum
870 1534 973 1589 illis
1004 1541 1343 1596 concertent,
1376 1532 1548 1602 deque
1594 1531 1929 1601 turpitudinis
1969 1530 2136 1601 gloria
2167 1544 2295 1584 cou-

713 1624 948 1680 tendant.
977 1623 1127 1679 Unde
1147 1623 1309 1687 enim,
1331 1622 1418 1677 dic
1438 1622 1586 1687 mihi,
1614 1623 1905 1689 poterimus
1930 1629 2109 1689 postea
2134 1620 2291 1673 talem

710 1717 968 1786 virginem
997 1715 1183 1786 ordine
1211 1715 1419 1769 illarum
1447 1724 1500 1768 et
1524 1713 1777 1767 societate
1802 1713 2054 1777 eximere,
2082 1710 2293 1782 quando

711 1818 765 1863 et
793 1810 903 1876 ipsa
936 1807 1073 1861 idem
1106 1804 1263 1871 facit,
1294 1804 1434 1875 quod
1467 1805 1567 1858 illa:
1593 1821 1607 1869 ;
1634 1802 1845 1874 quando
1872 1802 2072 1857 scilicet
2110 1801 2292 1856 adole-

712 1910 952 1961 scentum
979 1898 1136 1952 corda
1167 1897 1218 1951 iu
1249 1896 1485 1951 fraudem
1517 1895 1682 1959 illicit,
1716 1894 1926 1964 quando
1954 1893 2190 1962 petulans
2214 1900 2295 1947 est

713 2003 764 2045 et
804 1992 1195 2059 intemperans,
1224 1986 1435 2057 quando
1464 1987 1647 2041 eadem
1687 2001 1885 2040 venena
1920 1984 2175 2055 porrigit,
2206 1999 2295 2038 ea-

713 2082 831 2137 dem
868 2082 1054 2150 pocula
1095 2082 1315 2146 miscet,
1347 2080 1693 2147 eamdemque
1722 2088 1870 2147 parat
1897 2075 2160 2131 cicutam?
2188 2074 2293 2129 Sed

714 2188 817 2227 non
844 2173 972 2227 dicit
996 2190 1010 2226 :
1050 2170 1193 2235 Veni,
1217 2186 1387 2224 amore
1412 2169 1723 2223 involvantur
1748 2183 1764 2224 :
1798 2183 1895 2222 nec
1918 2166 2065 2233 dicit,
2092 2166 2295 2236 Aspersi

712 2265 872 2317 cubile
900 2279 1063 2315 meum
1087 2278 1231 2315 croco
1269 2271 1314 2313 et
1353 2261 1531 2314 lectum
1574 2275 1736 2312 meum
1761 2256 2293 2327 cinnamomo(Prov.

714 2355 765 2408 7.
799 2355 885 2407 l7.
930 2352 1053 2421 18).
1093 2350 1304 2405 Utinam
1345 2348 1515 2403 cubile
1559 2356 1611 2402 et
1654 2347 1878 2413 lectum,
1909 2362 2013 2400 non
2044 2352 2219 2400 vestes
2244 2353 2297 2399 et

714 2446 937 2514 corpus!
978 2443 1089 2497 like
1118 2443 1257 2497 enim
1301 2440 1444 2496 domi
1484 2455 1659 2495 escam
1697 2439 1992 2504 occultant,
2020 2446 2075 2492 tu
2106 2436 2297 2506 ubique

715 2540 958 2607 laqueum
989 2532 1330 2599 circumfers,
1361 2543 1414 2588 et
1439 2532 1693 2602 expandis
1726 2531 2011 2600 Voluptatis
2048 2529 2159 2584 alas
2199 2528 2292 2585 ob-

715 2626 995 2680 ambulans
1034 2625 1085 2679 iu
1125 2624 1263 2679 foro.
1298 2621 1407 2678 Sed
1439 2637 1545 2676 non
1580 2621 1793 2690 dixisti,
1825 2637 1996 2691 neque
2031 2620 2298 2676 contulisti

717 2719 875 2773 verba
916 2718 1004 2771 illa
1051 2716 1349 2771 meretricia
1371 2755 1386 2781 ,
1424 2713 1583 2779 Veni,
1618 2730 1789 2767 amore
1823 2713 2153 2767 involvamur.
2184 2710 2297 2765 Non

714 2812 893 2863 dixisti
921 2809 1117 2879 lingua,
1145 2806 1238 2861 sed
1263 2806 1439 2861 dixisti
1468 2804 1647 2858 habitu
1675 2820 1689 2857 :
1723 2818 1829 2857 non
1853 2802 2068 2873 loquuta
2093 2815 2152 2856 es
2181 2815 2295 2866 ore,

716 2901 810 2956 sed
836 2900 1052 2969 loquuta
1080 2914 1138 2953 es
1166 2912 1350 2968 gressu
1384 2913 1397 2949 ε
1432 2910 1535 2949 non
1574 2892 1807 2948 invitasti
1837 2908 1997 2958 voce,
2027 2892 2121 2946 sed
2161 2889 2297 2945 invi-

718 2992 837 3045 tasti
862 2991 1028 3045 oculis
1060 2990 1255 3045 clarius
1282 3004 1437 3059 quam
1467 3002 1616 3041 voce.
1657 2987 1723 3040 At
1762 2995 2040 3056 postquam
2075 2997 2298 3037 vocave-

717 3098 837 3147 ras,
870 3096 971 3133 non
1006 3090 1058 3135 te
1093 3079 1345 3133 obtulisti.
1385 3083 1568 3147 Neque
1594 3077 1669 3131 sic
1702 3091 1732 3128 a
1762 3083 1979 3145 peccato
2015 3073 2253 3128 liberaris
2283 3091 2297 3128 :

716 3184 795 3226 est
822 3173 961 3225 enim
984 3182 1035 3225 et
1065 3171 1180 3224 ha-c
1206 3170 1306 3223 alia
1333 3167 1695 3224 fornicationis
1722 3165 1948 3235 species.
1980 3163 2118 3219 Pura
2144 3177 2297 3216 man-

718 3264 833 3317 sisti
858 3263 924 3315 ab
953 3262 1142 3331 injuria
1170 3259 1409 3330 corporis
1444 3257 1655 3327 quidem
1675 3296 1692 3323 ,
1720 3254 1812 3310 sed
1842 3269 1947 3319 non
1986 3253 2208 3317 animm,
2245 3260 2297 3306 et

717 3353 1036 3422 completum
1067 3361 1149 3406 est
1176 3367 1205 3404 a
1237 3358 1289 3406 te
1319 3358 1593 3419 peccatum
1613 3388 1627 3412 ,
1667 3347 1871 3402 etiamsi
1915 3360 2025 3400 non
2063 3360 2156 3415 per
2184 3342 2296 3398 coi-

720 3455 851 3505 tum,
880 3441 973 3497 sed
1004 3457 1098 3523 per
1126 3447 1416 3510 aspectum.

797 3522 1053 3602 Virginem
1073 3547 1173 3583 non
1194 3530 1365 3583 decent
1385 3528 1550 3582 cultus
1569 3525 1796 3595 corporis
1822 3532 1868 3577 et
1888 3523 2035 3577 vestis
2058 3522 2293 3593 pretiosa.

716 3621 960 3691 -—-Cujns
980 3621 1121 3674 enim
1136 3618 1301 3689 gratia
1318 3630 1476 3673 vocas
1496 3614 1912 3686 praetereuntes?
1941 3628 2035 3668 cur
2051 3611 2299 3667 accendis

720 3714 933 3784 ignem?
954 3710 1220 3782 quomodo
1253 3718 1406 3779 putas
1443 3716 1499 3762 te
1527 3720 1716 3777 puram
1746 3719 1775 3758 a
1804 3712 2041 3773 peccato,
2064 3718 2186 3756 cum
2214 3712 2298 3756 to-

722 3815 831 3860 tum
863 3806 1035 3873 ipsum
1063 3816 1196 3871 opus
1220 3809 1437 3870 operata
1466 3798 1582 3854 sis?
1613 3796 1822 3852 Etenim
1848 3792 1969 3849 cum
1998 3794 2299 3850 adulterum

724 3895 913 3950 feceris
942 3891 1235 3962 perfectum
1260 3905 1402 3955 eum,
1427 3905 1584 3959 quem
1614 3896 1708 3943 tuo
1736 3888 1838 3943 iste
1869 3887 2048 3942 habitu
2076 3886 2264 3955 cepisti
2283 3926 2297 3951 ,

720 3985 987 4055 quomodo
1003 3992 1151 4053 potes
1166 3997 1269 4037 non
1293 3996 1413 4037 esse
1423 3980 1681 4046 adultera,
1699 3993 1818 4034 cum
1835 3992 1968 4047 Opus
1987 3988 2133 4032 tuum
2152 3976 2301 4031 adul-

722 4078 913 4131 terium
948 4090 1067 4130 esse
1101 4072 1560 4143 deprehendatur?
1589 4068 1735 4125 Illius
1759 4070 1965 4123 insania
1988 4077 2135 4123 tuum
2163 4082 2298 4136 opus

722 4180 826 4225 est.
841 4167 1084 4223 Profecto
1100 4173 1150 4220 te
1162 4181 1277 4234 qua:
1289 4164 1557 4219 adulteros
1573 4161 1897 4231 praeparasti,
1913 4159 2157 4213 adulterii
2170 4175 2300 4227 sup-

725 4261 937 4329 plieinm
963 4258 1179 4311 minime
1205 4271 1360 4325 posse
1386 4253 1637 4325 ellugere,
1657 4252 1784 4307 nulli
1804 4269 1907 4306 non
1938 4251 2298 4306 manifestum.

728 4338 806 4408 "ni
831 4353 1059 4423 gladium
1092 4351 1278 4405 acuisti
1300 4390 1315 4415 ,
1344 4358 1399 4402 tu
1421 4347 1661 4402 dextram
1693 4345 1943 4409 armasti,
1967 4354 2021 4399 tu
2043 4352 2299 4399 armatam

724 4446 963 4500 dextram
983 4444 1035 4496 in
1058 4443 1303 4496 miseram
1332 4441 1559 4493 animam
1592 4436 1843 4506 impulisti
1876 4434 2175 4505 :quomodo
2206 4435 2301 4504 igi-

726 4549 811 4591 tur
846 4536 1041 4605 poteris
1070 4534 1136 4589 ab
1165 4530 1432 4586 homicidii
1456 4530 1715 4599 supplicio
1735 4527 1991 4582 liberari?
2019 4528 2111 4581 Dic
2134 4526 2297 4590 enim,

723 4640 983 4695 quosnam
1035 4623 1291 4677 habemus
1338 4620 1461 4675 odio
1488 4630 1537 4674 et
1582 4619 1924 4672 aversamur?
1950 4632 2081 4686 quos
2124 4626 2299 4671 autem

726 4717 952 4784 puniunt
980 4714 1310 4784 legislatorcs
1352 4722 1402 4765 et
1435 4710 1680 4781 judices?
1712 4725 1836 4763 num
1865 4724 1958 4764 eos
1984 4710 2072 4778 qui
2117 4708 2303 4764 bibunt

726 4807 1001 4859 trior-litera
1041 4818 1262 4866 venena,
1295 4818 1359 4857 an
1402 4802 1686 4855 miscentes
1734 4801 1972 4864 calicem,
2001 4808 2053 4853 et
2099 4815 2301 4870 praepa-

725 4906 904 4952 rantes
949 4911 1031 4959 ea,
1061 4906 1281 4964 arteque
1332 4909 1426 4947 sua
1470 4892 1753 4962 perdentes
1804 4892 1969 4946 alios?
2000 4907 2176 4946 nonne
2223 4891 2304 4946 bi-

727 4986 914 5041 bentes
945 4985 1155 5055 quidem
1185 4993 1367 5053 utpote
1394 4982 1579 5052 injuria
1606 4981 1822 5037 affectos
1843 4983 2180 5047 miseramur,
2209 4999 2303 5036 ve-

729 5077 928 5131 neficos
958 5086 1131 5129 autem
1178 5074 1426 5129 omnibus
1450 5072 1664 5127 calculis
1707 5071 2155 5125 condemnamus?
2197 5071 2305 5126 Nec

724 5166 922 5219 sufficit
961 5167 1041 5220 eis
1091 5165 1156 5219 ad
1201 5166 1594 5219 excusationem
1640 5163 1838 5227 dicere,
1885 5163 1996 5217 Non
2045 5164 2304 5232 meipsum

729 5259 861 5319 hesi,
892 5255 983 5310 sed
1020 5255 1180 5309 alium
1211 5254 1416 5325 perdidi
1442 5269 1455 5319 ;
1488 5252 1583 5307 sed
1615 5263 1829 5323 prepter
1864 5252 1965 5308 hoc
2006 5263 2152 5308 tanto
2181 5270 2304 5324 gra-

726 5349 926 5401 viorem
954 5347 1354 5414 luuntpceuam.
1387 5345 1464 5399 Tu
1495 5352 1669 5398 autem
1701 5345 1895 5399 misera
1920 5353 1973 5399 et
1997 5344 2303 5401 calamitosa

727 5439 984 5492 miscuisti
1016 5438 1234 5493 calicem
1265 5435 1407 5491 hunc
1448 5436 1828 5505 perniciosum,
1871 5446 1924 5491 et
1954 5437 2219 5506 praebuisti
2253 5448 2307 5493 et

726 5528 916 5581 dedisti
961 5526 1303 5596 pharmacum
1350 5544 1364 5580 :
1412 5537 1467 5581 et
1502 5538 1779 5597 postquam
1812 5528 1944 5582 bibit
1984 5541 2037 5583 et
2068 5530 2305 5598 perditus

729 5633 831 5682 est,
858 5622 1129 5677 defensam
1162 5630 1213 5676 te
1243 5630 1415 5690 putas,
1447 5620 1569 5689 quia
1596 5635 1699 5674 non
1728 5621 1837 5690 ipsa
1865 5621 2081 5686 biberis,
2107 5621 2198 5675 sed
2225 5620 2307 5674 al-

732 5711 827 5763 teri
857 5712 1144 5777 prwbuu'is
1182 5712 1422 5766 venena?
1448 5710 1774 5781 Quamquam
1802 5722 1853 5766 et
1885 5727 1978 5765 vos
2007 5718 2155 5766 tauto
2181 5726 2299 5781 gra-

1436 331 1492 388 S.
1532 332 1806 388 JOANNlS
1844 331 2313 391 CllRYSOSTOMl
2354 335 2665 396 ARCIHEI‘.
2706 340 3244 409 CONS'I'ANTINOP.

2399 450 2600 509 viorem
2652 453 2810 512 luetis
2863 472 3109 527 pmnam,
3160 474 3320 529 quam
3377 461 3804 534 pharmacopola:
3860 466 3977 533 illi,

2397 550 2596 610 quanto
2622 553 2679 600 et
2698 561 2841 601 mors
2868 550 3101 618 gravior.
3128 550 3244 604 Non
3270 551 3413 606 enim
3442 568 3636 623 corpus
3663 554 3861 622 solum,
3883 555 3984 610 sed

2397 640 2451 685 et
2474 634 2705 689 animam
2726 636 3049 693 interimitis.
3073 638 3140 692 Et
3162 639 3236 693 illi
3261 626 3476 710 quidem
3503 657 3645 712 saepe
3665 643 3748 715 vel
3775 644 3976 715 furore,

2397 720 2480 775 vel
2508 722 2583 776 ira
2612 722 2717 778 hoc
2756 724 2979 794 faciunt,
3002 728 3085 782 vel
3108 729 3283 798 inopia
3309 746 3325 794 ;
3356 745 3451 784 vos
3474 740 3651 785 autem
3676 713 3744 787 ad
3775 732 3981 786 nullum

2397 810 2559 864 talem
2584 810 2872 882 confugere
2896 825 3208 884 prietextum
3240 808 3480 884 potestis.
3504 814 3686 889 Neque
3706 821 3851 875 enim
3879 821 3982 874 hoc

2396 897 2570 953 facitis
2608 899 2858 967 inimicis,
2906 904 2989 958 vel
3032 905 3114 959 eis
3155 906 3245 974 qui
3287 910 3614 973 necuerunt,
3640 910 3724 964 vel
3756 910 3828 965 ob
3856 910 3980 964 ino-

2395 988 2567 1057 piam,
2593 989 2691 1045 sed
2727 992 2798 1046 ob
2831 984 3212 1049 selamvanam
3248 996 3474 1065 gloriam
3505 999 3558 1053 in
3584 1000 3772 1055 alienis
3795 1001 3980 1055 luditis

2395 1080 2702 1145 animabus,
2733 1080 2788 1139 et
2806 1100 2870 1139 ex
2892 1082 3119 1141 aliorum
3149 1098 3322 1143 morte
3350 1089 3678 1160 voluptatem
3704 1093 3978 1163 propriam

2395 1172 2735 1227 constituitis.

2466 1260 2520 1314 2.
2557 1260 2662 1316 Sed
2698 1264 2878 1318 nescio
2905 1263 3066 1331 unde,
3094 1275 3153 1320 ut
3177 1264 3293 1323 haec
3318 1268 3573 1336 dicerem,
3603 1270 3706 1325 huc
3735 1286 3850 1326 sum
3879 1288 3980 1343 ap-

2398 1351 2611 1419 pulsus;
2642 1362 2861 1422 prepter
2880 1354 3021 1424 quod
3041 1355 3374 1411 redeundum
3396 1358 3462 1412 ad
3485 1358 3535 1413 id
3553 1359 3693 1415 unde
3708 1361 3981 1430 digressus

2396 1455 2535 1494 sum.
2563 1442 2693 1496 Nam
2718 1445 2868 1513 quasi
2898 1460 3003 1498 non
3022 1445 3331 1501 sufficerent
3353 1446 3470 1504 ha‘c
3491 1450 3543 1503 in
3574 1451 3733 1505 totius
3764 1452 3979 1507 feminei

2396 1534 2607 1601 generis
2634 1534 3032 1605 confusionem,
3076 1548 3131 1593 et
3163 1539 3305 1593 aliud
3334 1539 3586 1608 quiddam
3618 1543 3789 1612 majus
3818 1558 3979 1599 exco-

2395 1625 2714 1693 gitaverunt.
2749 1624 2854 1682 Sed
2886 1644 3042 1683 nemo
3084 1629 3199 1684 hare
3228 1630 3296 1691 de
3337 1632 3585 1687 omnibus
3613 1633 3751 1687 dicta
3784 1644 3930 1703 putet
3958 1650 3971 1688 :

2397 1729 2503 1769 non
2545 1716 2687 1770 enim
2719 1725 2825 1771 tam
2856 1719 3017 1773 miser
3068 1734 3205 1784 sum,
3249 1729 3307 1775 ut
3346 1722 3500 1776 simul
3541 1724 3718 1778 omnia
3758 1725 3984 1778 commi-

2398 1818 2573 1860 sceam
2602 1815 2656 1861 et
2680 1808 3019 1863 confundam.
3037 1810 3169 1865 Nam
3202 1811 3270 1866 de
3292 1812 3374 1865 his
3401 1828 3518 1879 qua:
3538 1813 3708 1882 culpis
3737 1815 3981 1869 obnoxia

2397 1906 2453 1950 et
2498 1897 2612 1952 haec
2653 1889 2794 1953 dicta
2828 1896 2987 1962 sunt,
3022 1909 3075 1955 et
3117 1917 3235 1971 qua:
3280 1910 3465 1971 postea
3513 1901 3779 1957 dicentur.
3818 1904 3981 1971 Quasi

2400 1988 2559 2057 igitur
2581 2004 2683 2042 non
2716 1990 2845 2043 satis
2872 1990 3127 2046 damnosa
3173 1996 3355 2047 essent
3395 1992 3531 2059 haec,
3568 1995 3711 2048 viros
3748 1995 3847 2049 sibi
3875 1994 3981 2048 mi-

2400 2078 2545 2132 nime
2594 2089 2848 2148 cognatos
2891 2096 3071 2135 secum
3115 2081 3411 2147 includunt,
3460 2093 3513 2137 et
3558 2085 3703 2138 omni
3743 2093 3981 2153 tempore

2399 2169 2806 2226 contubernales
2854 2170 3070 2239 iaciunt,
3117 2172 3269 2241 quasi
3320 2166 3762 2227 demonstratum
3799 2186 3851 2228 et
3888 2189 3982 2243 per

2400 2275 2462 2315 ea
2494 2276 2613 2331 qua:
2641 2261 2780 2316 dicta
2810 2272 2952 2327 sunt,
2982 2262 3122 2332 quod
3151 2264 3327 2317 invitae
3349 2263 3415 2317 ad
3438 2264 3791 2333 virginitatem
3816 2273 3984 2333 rapta:

2402 2352 2530 2419 sint,
2555 2362 2939 2418 et,extremam
2978 2356 3082 2407 vim
3126 2354 3508 2420 sustinuerint,
3556 2363 3610 2408 et
3637 2355 3736 2407 hac
3776 2355 3983 2408 ratione

2401 2442 2747 2497 consolentur
2777 2445 2880 2497 vim
2917 2453 2968 2498 et
2990 2445 3388 2499 necessitatem.
3416 2444 3552 2511 Quid
3579 2444 3776 2514 igitur?
3804 2460 3981 2499 aunoa

2403 2529 2486 2587 his
2511 2530 2797 2599 deteriora,
2826 2547 2947 2587 cum
2976 2533 3088 2587 hmo
3110 2535 3404 2603 contigunt,
3434 2534 3679 2589 dicuntur
3704 2536 3772 2589 ab
3797 2535 3985 2590 amicis

2402 2632 2456 2676 et
2496 2622 2882 2680 familiaribus?
2920 2624 3367 2681 Permittendzene
3406 2637 3533 2680 sunt
3582 2627 3684 2680 illa:
3711 2627 3890 2681 vivere
3930 2638 3985 2682 et

2404 2715 2687 2782 respirare,
2719 2725 2767 2768 et
2799 2730 2903 2769 non
2937 2716 3111 2784 p0ti'is
3138 2715 3465 2771 dissecandae
3495 2716 3705 2784 mediae,
3732 2717 3817 2771 vel
3848 2718 3983 2771 viva!

2402 2821 2524 2861 cum
2574 2807 2677 2861 illis
2728 2808 2854 2876 ipsis
2903 2808 3261 2862 tumulandze?
3306 2807 3513 2862 Etenim
3554 2817 3609 2863 et
3650 2808 3763 2862 haec
3804 2818 3859 2863 et
3899 2808 3986 2863 his

2405 2898 2572 2952 multo
2599 2899 2747 2968 plnra
2786 2913 2974 2953 omnes
3012 2897 3213 2953 dicunt.
3239 2898 3505 2953 Caeterum
3550 2908 3603 2955 et
3633 2900 3880 2966 frequens
3930 2909 3985 2953 et

2405 2988 2741 3057 quotidianus
2779 2998 2862 3042 est
2886 3002 3072 3041 cursus
3109 2988 3450 3042 obstetricum
3489 2989 3554 3042 ad
3594 2988 3854 3058 virginum
3882 2987 3985 3041 do-

2407 3096 2546 3147 mus,
2576 3080 2726 3149 quasi
2755 3080 2819 3133 ad
2849 3081 3132 3149 parientes,
3161 3096 3264 3133 non
3284 3079 3424 3147 quod
3453 3080 3864 3133 obstetricentur
3885 3094 3985 3148 pa-

2404 3168 2579 3234 rienti,
2610 3169 2852 3237 quamvis
2890 3170 3109 3237 contigit
3148 3169 3200 3223 in
3239 3168 3501 3238 aliquibus
3529 3170 3688 3223 etiam
3721 3168 3855 3234 hoc,
3888 3169 3984 3223 sed

2403 3262 2546 3332 quod
2575 3262 2863 3332 probentur
2888 3270 2941 3315 et
2975 3260 3278 3330 judicentur
3324 3261 3462 3314 sicut
3505 3270 3699 3329 emptae
3741 3260 3984 3325 aucillm,

2402 3367 2645 3423 quaanam
2692 3359 2974 3423 corruptw,
3021 3351 3104 3405 vel
3149 3367 3267 3420 quae
3297 3351 3541 3415 intactar;
3567 3358 3621 3406 et
3653 3351 3740 3406 illa
3768 3351 3985 3419 quidem

2406 3442 2561 3497 facile
2606 3442 2805 3497 obediit
2854 3441 3187 3510 probationi,
3229 3441 3340 3495 haec
3378 3455 3508 3496 vero
3546 3441 3898 3507 contradixit,
3930 3451 3989 3495 et

2406 3533 2507 3588 hoc
2535 3534 2648 3603 ipso
2688 3532 2905 3588 confusa
2945 3532 3091 3596 abiit,
3123 3532 3329 3586 etiamsi
3361 3547 3467 3585 non
3505 3540 3755 3601 corrupta
3782 3532 3885 3597 sit;
3929 3543 3988 3586 et

2406 3624 2518 3679 lucc
2554 3622 2766 3694 quidem
2808 3622 3137 3692 deprehensa
3164 3631 3277 3687 est,
3307 3622 3397 3675 illa
3425 3637 3551 3676 vero
3581 3638 3717 3687 non;
3749 3621 3843 3677 sed
3869 3621 3987 3676 hare

2405 3730 2511 3768 non
2553 3714 2727 3768 minus
2765 3728 2923 3783 quam
2966 3713 3051 3765 illa
3092 3710 3435 3767 confunditur
3460 3751 3475 3776 ,
3502 3726 3623 3765 cum
3668 3727 3772 3765 non
3815 3715 3987 3781 possit

2405 3803 2561 3873 digna
2593 3802 2696 3857 (ide
2725 3819 2791 3857 ex
2837 3802 3073 3856 moribus
3094 3800 3450 3870 comprobari,
3480 3800 3574 3855 sed
3616 3815 3751 3870 Opus
3792 3800 3991 3856 habeat

2406 3905 2627 3949 externo
2665 3894 2924 3949 examinis
2954 3892 3277 3947 testimonio.
3322 3891 3543 3959 Quantis
3582 3891 3830 3961 lacrymis
3870 3891 3988 3947 hzrc

2406 4001 2511 4039 nou
2540 3996 2662 4040 sunt
2702 3985 2879 4054 digna,
2924 3985 3134 4054 quantis
3174 3998 3279 4036 non
3325 3982 3480 4051 digna
3523 3984 3815 4056 mortibus?
3855 3982 3990 4050 Quis

2406 4085 2580 4129 autem
2609 4075 2685 4127 sic
2719 4074 2958 4142 lapideus
2990 4080 3044 4126 et
3080 4072 3264 4135 durus,
3296 4072 3483 4125 ut‘non
3514 4072 3830 4126 accendatut
3865 4071 3987 4125 zelo

2408 4165 2542 4219 sicut
2570 4163 2838 4218 Phiuees?
2868 4163 2933 4216 Et
2975 4162 3063 4216 ille
3098 4162 3311 4231 quidem
3354 4162 3397 4215 si
3439 4176 3536 4215 suo
3576 4170 3815 4230 tempore
3852 4161 3991 4216 hanc

2409 4254 2785 4322 turpitudinem
2826 4252 3067 4318 vidisset,
3094 4267 3199 4305 non
3237 4252 3367 4320 ipsis
3402 4253 3755 4321 pepercisset,
3791 4252 3886 4308 sed
3912 4254 3996 4307 fe-

2407 4346 2565 4399 cisset
2615 4344 2753 4398 idem
2794 4343 2937 4413 quod
2984 4344 3036 4397 in
3083 4342 3422 4397 Madianitide
3467 4343 3593 4396 olim
3641 4343 3765 4397 fecit
3798 4342 3989 4412 (Num.

2408 4436 2496 4489 25.
2545 4434 2633 4505 lli)
2662 4453 2674 4488 :
2706 4449 2803 4487 nos
2850 4443 3025 4488 autem
3069 4448 3191 4487 eum
3234 4432 3387 4487 nobis
3427 4448 3532 4486 non
3561 4434 3629 4486 sit
3666 4434 3993 4502 permissum

2408 4527 2644 4596 arripere
2691 4524 2954 4594 gladium,
3004 4538 3174 4595 neque
3212 4524 3394 4578 lancea
3428 4523 3717 4579 confodere
3766 4539 3861 4580 eos
3899 4525 3994 4595 qui

2407 4618 2507 4672 ista
2535 4626 2861 4687 perpetrant,
2889 4616 3062 4671 allecti
3086 4625 3233 4672 certe
3249 4632 3431 4671 sumus
3461 4617 3598 4671 sicut
3623 4626 3836 4671 sanctus
3865 4617 3955 4672 ille
3975 4657 3991 4683 ,

2408 4724 2514 4763 non
2545 4708 2765 4763 facimus
2791 4719 2969 4763 autem
2995 4708 3215 4773 eadem,
3257 4708 3351 4762 sed
3382 4707 3552 4762 dolori
3592 4708 3749 4763 aliter
3775 4724 3997 4764 succur-

2409 4800 2595 4864 rimus,
2637 4800 2927 4869 ploratibus
2968 4798 3173 4852 scilicet
3196 4812 3259 4852 ac
3299 4798 3567 4853 lamentis.
3615 4798 3800 4855 Venite
3825 4814 3995 4869 ergo,

2409 4888 2655 4944 dolorum
2682 4905 2746 4945 ac
2787 4889 3078 4959 gemituum
3115 4888 3275 4942 socia:
3300 4896 3473 4942 estote
3508 4898 3768 4958 quotquot
3793 4889 3863 4943 ab
3892 4890 3998 4947 hac

2411 4979 2758 5035 obscaenitate
2784 4980 2916 5034 estis
2941 4978 3161 5043 aliena};
3189 4992 3311 5031 nam
3340 4976 3665 5033 calamitosas
3694 4988 3749 5034 et
3778 4981 3995 5036 misera:

2412 5073 2514 5127 illae
2564 5073 2699 5127 forte
2745 5074 2797 5125 in
2841 5080 2985 5125 tanta
3028 5079 3151 5125 sunt
3196 5069 3441 5138 miseria,
3488 5080 3545 5124 ut
3582 5071 3709 5126 mali
3749 5071 3997 5127 dolorem

2412 5164 2577 5218 ullum
2604 5179 2706 5217 non
2734 5163 2984 5216 sentiant.
3018 5161 3122 5217 Sed
3144 5176 3238 5215 vos
3261 5176 3379 5230 qua:
3409 5160 3546 5217 hanc
3569 5162 3883 5231 suscepistis
3910 5164 3997 5217 vi-

2414 5266 2540 5321 tam,
2570 5255 2743 5325 digna:
2770 5253 2922 5308 facta:
2948 5255 3183 5309 thalamo
3206 5262 3265 5307 et
3281 5267 3498 5323 sponso,
3519 5254 3790 5324 lampades
3818 5254 3999 5311 claras

2407 5349 2659 5425 gestatis,
2698 5355 2754 5402 et
2792 5346 3016 5402 honesto
3058 5345 3373 5415 virginitatis
3415 5354 3559 5402 serto
3588 5346 3757 5415 magis
3790 5355 3999 5401 ornatae

2412 5455 2567 5509 quam
2590 5453 2789 5494 corona
2832 5438 2978 5508 regia
2999 5479 3014 5503 ,
3043 5436 3305 5508 lacrymas
3344 5436 3549 5491 fundite
3594 5437 3871 5492 nobiscum
3893 5480 3907 5503 ,
3938 5449 3999 5494 et

2415 5544 2593 5583 amare
2622 5528 2781 5584 simul
2828 5527 3057 5596 ejulate;
3104 5525 3355 5581 namhoc
3389 5542 3495 5580 non
3545 5542 3885 5595 parvum.est
3909 5545 4000 5585 re-

2414 5620 2647 5674 medium
2683 5628 2734 5673 et
2760 5617 2825 5672 ad
2872 5616 3141 5673 curandos
3180 5628 3273 5671 eos
3300 5617 3389 5687 qui
3428 5618 3790 5673 iueurabiliter
3821 5635 3991 5689 πιςτο-

2420 5721 2553 5781 tant,
2583 5722 2634 5767 et
2662 5711 2727 5767 ad
2758 5712 3178 5767 consolationem
3210 5710 3519 5774 lugentium.
3550 5710 3663 5767 Hoc
3692 5713 3863 5784 ipsum
3898 5716 3986 5769 ali-
