4264 6312
94 390 199 454 515

90 512 282 565 σοῦτον
302 514 441 569 κατά
462 505 664 577 ταύτης
697 506 986 560 ἐνέπνευσε
1006 506 1107 574 τῆς
1127 501 1348 573 ἀγέλης,
1374 495 1560 566 ἐπειδὴ
1583 495 1766 577 μάλισ-

726 383 913 461 QUOD
952 382 1366 447 REGULARES
1406 376 1689 439 FEMINE
1725 372 1909 439 VlRlS
1942 374 2389 434 COHABITARE
2424 372 2565 429 NON
2600 369 2940 426 DEBEANT.

3445 370 3548 427 M6

1866 491 1961 545 καὶ
1984 490 2218 563 ὀρέξασα
2244 489 2340 543 καὶ
2369 488 2534 543 δοῦσα
2568 488 2627 539 τὸ
2655 486 2969 555 φάρμακον,
3001 482 3141 563 μετά
3162 481 3224 536 τὸ
3248 484 3393 563 πιεῖν
3406 481 3555 563 ἐκεῖ·

88 562 292 645 ταῗάπὺ
314 562 515 658 ταύτης
539 562 683 658 ειδῥᾷ
704 587 803 656 τῆς
826 562 1103 655 φάλαγγος
1126 562 1376 655 λαμπρδν
1404 580 1497 634 τοῦ
1528 562 1765 650 Χριστοῦ
1862 588 1953 658 νον
1996 573 2091 658 καὶ
2115 571 2411 658 ἀπολέσθαι
2435 568 2735 658 ἀπολργλίαν
2766 566 2939 658 σαυτῇ
2959 562 3204 658 νομίζεις
3238 562 3553 658 ὑπολελεῖφ-

86 674 152 726 τὸ
185 671 575 742 στρατόπεδον,
601 670 694 722 καὶ
726 670 898 731 οὕτως
932 669 1099 738 αὑτὴν
1124 666 1449 737 ἐπεχείρησε
1474 658 1770 742 καταισχῦ-

90 772 197 816 ναι,
237 741 315 817 ὡς
345 752 548 824 βέλτιον
578 748 717 807 εἶναι
761 752 946 806 λοιπὸν
983 751 1116 822 μηδέ
1162 748 1462 820 παρθένους
1490 741 1630 797 εἷναι
1674 742 1767 804 τὰς

86 839 232 892 οῦτω
262 837 324 891 τὸ
347 838 578 907 πρᾶγμα
607 835 845 906 μετιέναι
866 832 1265 905 ἐπιχειρούσας.
1287 831 1361 883 Τὸ
1380 830 1437 882 δέ
1466 830 1636 881 αἴτιον
1662 826 1768 878 τῶν

88 919 282 974 κακῶν
310 920 586 982 ἁπάντων,
617 919 698 971 ὅτι
730 917 892 988 μέχρι
934 915 1305 987 προσηγορίας
1324 912 1385 965 τὸ
1418 912 1651 982 πρᾶγμα
1677 907 1774 959 ἐσ-

86 1001 362 1071 τηκε.καὶ
377 1001 434 1053 ἐν
456 1000 531 1071 τῷ
550 999 775 1069 στόματι
817 1011 842 1039 ι
881 999 941 1051 τὸ
984 998 1091 1051 πᾶν
1123 995 1585 1067 περιγέγραπται,
1634 992 1770 1060 ὅπερ

90 1083 377 1153 ἐλάχιστον
397 1083 559 1153 μέρος
583 1080 880 1157 παρθενίας
907 1080 1043 1132 ἐστί·
1074 1078 1140 1132 τὰ
1166 1079 1223 1131 δὲ
1249 1075 1650 1145 ἀναγκαιότερα
1674 1073 1773 1157 καὶ

94 1167 334 1237 μάλιστα
381 1166 552 1236 αὑτὴν
593 1156 892 1226 δεικνύντα,
930 1162 1223 1233 ⁴ἡμέληται,
1279 1161 1373 1213 καὶ
1420 1157 1544 1212 οὑτε
1577 1156 1775 1226 στολῆς

90 1249 331 1319 κοσμίας
342 1249 495 1317 λόγος
513 1248 723 1312 αὑταῖς,
748 1245 846 1317 οὐχ
862 1246 1093 1317 ἡσυχίας
1121 1242 1409 1314 παρθένοις
1430 1239 1771 1313 πρεπούσης,

88 1333 155 1385 οὑ
185 1328 554 1400 κατανύξεως,
588 1332 689 1385 οὒκ
724 1329 883 1386 ἄλλου
917 1329 1027 1382 τῶν
1076 1327 1338 1381 τοιούτων
1375 1324 1610 1388 οὐδενός·
1638 1320 1776 1383 ἀλλά

89 1416 190 1469 καὶ
217 1415 545 1485 φθέγγονται
570 1415 805 1478 εὐκόλως
831 1412 1047 1466 ἅπαντα
1068 1453 1083 1476 ,
1118 1410 1214 1465 καὶ
1244 1409 1475 1479 γελῶσιν
1506 1407 1773 1478 ἀκαίρως.

89 1498 189 1551 καί⁹
216 1497 602 1552 κατακλῶνται
619 1496 721 1551 καὶ
753 1495 1085 1566 θρύπτονται
1113 1490 1313 1563 μᾶλλον
1329 1490 1440 1545 τῶν
1464 1487 1557 1542 ἐπὶ
1579 1488 1674 1542 τοῦ
1689 1486 1777 1541 τέ-

88 1594 223 1649 γους
263 1578 710 1651 μαλακιζομένων
758 1578 1059 1646 γυναικῶν,
1092 1574 1356 1629 πάντοθεν
1409 1571 1777 1643 μηχανήματα

86 1667 204 1727 τοῖς
233 1662 436 1733 ὁρῶσιν
484 1663 710 1715 ἐνιεῖσαι
750 1660 801 1723 δ,
833 1661 928 1713 καὶ
972 1660 1052 1721 εἰς
1074 1657 1172 1729 τὴν
1205 1656 1315 1709 τῶν
1362 1652 1777 1733 πορνευομένων

88 1732 374 1813 γυναικῶν
394 1743 784 1815 ἀσχημοσύνην
804 1740 1055 1795 εἰσωθεῖν
1080 1738 1279 1802 ἐαυτάς
1304 1732 1780 1807 βιάζονταῳιαθά-

90 1844 201 1899 περ
221 1823 599 1899 ἁμιλλώμεναι
620 1824 757 1895 πρὸς
773 1825 992 1887 ἐκείνας
1014 1822 1108 1877 καὶ
1125 1820 1525 1891 φιλονεικοῦσαι
1540 1817 1608 1871 τά
1629 1834 1779 1888 πρω-

89 1912 213 1964 τεῖα
242 1910 324 1973 είς
348 1905 611 1978 αἰσχύνης
633 1907 791 1974 δόξαν
819 1905 1027 1975 λαϐεῖν.
1054 1903 1224 1958 Πόθεν
1250 1903 1377 1974 γὰρ,
1402 1901 1521 1955 εἰπέ
1552 1899 1781 1970 μοι,λοι-

92 1992 197 2045 πὸν
221 1989 568 2062 δυνησόμεθα
591 1989 690 2059 τὴν
711 1987 967 2057 τοιαύτην
999 1986 1272 2058 παρθένον
1304 1985 1405 2055 τῆς
1440 1983 1644 2048 τάξεως
1672 1981 1781 2046 ἐξε-

90 2071 288 2126 λέσθαι
321 2071 421 2139 τῆς
457 2069 681 2124 ἐκείνων
705 2070 799 2122 καὶ
824 2068 924 2140 τῆς
955 2067 1263 2132 κοινωνίας,
1283 2068 1410 2120 ὅταν
1431 2068 1527 2119 καὶ
1554 2064 1693 2133 αὑτὴ
1720 2061 1779 2114 τὸ

93 2156 230 2208 αὐτὸ
281 2156 409 2224 ποιῇ
455 2152 724 2215 ἐκείναις,
764 2151 900 2223 νέων
936 2149 1263 2216 ἐξαπατῶσα
1301 2148 1531 2219 καρδίας
1561 2158 1611 2211 ο,
1650 2146 1778 2199 ὅταν

92 2235 525 2308 ἀνεπτερωμὲνη
659 2235 752 2287 καὶ
790 2233 1019 2297 ἄσωτος,
1059 2234 1188 2286 ὅταν
1234 2233 1302 2285 τὰ
1336 2230 1475 2285 αὑτά
1510 2232 1779 2301 φάρμακα

92 2320 283 2391 τρίϐῃ.
316 2319 411 2371 καὶ
448 2318 516 2371 τὰ
544 2318 683 2370 αὑτὰ
713 2316 987 2389 κεραννύῃ
1010 2318 1267 2387 ποτήρια,
1295 2314 1470 2367 καὶτὸ
1499 2312 1635 2367 αὐτὸ
1680 2329 1773 2365 κα-

97 2400 410 2472 τασκευάζῃ
468 2401 732 2463 κὼνειον;
768 2398 907 2452 Ἀλλ’
946 2400 1006 2451 οὑ
1041 2398 1209 2467 λέγει·
1242 2398 1425 2466 Δεῦρο
1467 2397 1565 2450 καί
1607 2395 1782 2464 ἐγκυ-

102 2485 407 2553 λισθῶμεν
420 2484 610 2548 ἔρωτι,
622 2482 762 2548 οὐδὲ,
772 2484 1075 2552 Ἕρραγκα
1085 2480 1200 2549 τὴν
1214 2480 1424 2546 κοίτην
1433 2496 1552 2548 μου
1566 2478 1778 2545 κρόκῳ,

97 2568 196 2621 καί
215 2567 331 2633 τὴν
380 2567 604 2633 κλίνην
632 2582 753 2635 μου
786 2563 1161 2634 κινναμώμῳ·
1190 2563 1302 2617 εἴθε
1335 2563 1436 2633 τὴν
1471 2560 1658 2630 κοίτην
1690 2563 1784 2613 καὶ

96 2651 196 2719 τὴν
228 2650 439 2719 κλίνην.
458 2650 554 2701 καὶ
580 2649 654 2718 μὴ
674 2647 743 2701 τὰ
774 2649 965 2718 ίμάτια
989 2652 1083 2704 καὶ
1119 2647 1181 2700 τὸ
1209 2646 1389 2717 σῶμα.
1422 2645 1660 2697 Ἐκεῖναι
1685 2644 1782 2714 μὲν

96 2730 205 2801 γὰρ
244 2731 383 2782 οῐκοι
421 2728 481 2782 τὸ
527 2729 722 2798 δέλεαρ
768 2727 1249 2799 κατακρύπτουσι,
1287 2726 1353 2780 σὺ
1405 2726 1463 2779 δέ
1508 2725 1782 2795 πανταχοῦ

102 2811 419 2883 περιφέρεις
447 2811 545 2882 τὴν
570 2811 795 2880 παγίδα,
830 2812 923 2865 καὶ
954 2810 1346 2865 ἀναπετάσασα
1378 2810 1476 2879 τῆς
1500 2808 1695 2880 ἡδονῆς
1718 2808 1782 2861 τὰ

101 2897 282 2968 πτερά
301 2896 584 2965 περιάγεις
604 2896 696 2948 ἐπὶ
718 2898 817 2965 τῆς
843 2896 1070 2966 ἀγορᾶς.
1104 2893 1242 2945 ’Λλλ’
1262 2894 1321 2947 οὑ
1340 2891 1643 2961 διελέχθης.
1662 2890 1783 2943 οὑδὲ

101 2972 258 3041 εἶπες
274 2980 455 3031 ἐκεῖνα
473 2977 542 3030 τὰ
564 2976 800 3047 πορνικά
824 2978 1067 3048 ῥήματα,
1081 2977 1285 3045 Δεῦρο,
1299 2975 1396 3029 καί
1421 2973 1785 3044 ἐγκυλισθῶ-

100 3080 214 3129 μεν
228 3062 419 3130 ἔρωτι·
438 3061 538 3113 οὑκ
554 3058 704 3123 εἶπες
719 3058 744 3098 α
762 3064 827 3131 τῇ
845 3060 1082 3133 γλώττῃ,
1096 3060 1210 3113 ἀλλ’
1227 3054 1380 3121 εἶπες
1408 3051 1486 3127 τῷ
1520 3057 1780 3126 σχήματι·

100 3144 201 3197 οὑκ
249 3140 501 3212 ἐφθέγξω
533 3139 612 3210 τῷ
644 3139 897 3211 στόματι,
930 3140 1045 3193 ἀλλ’
1076 3137 1327 3209 ἐφθέγξω
1361 3136 1436 3207 τῷ
1470 3136 1782 3207 βαδίσματι·

102 3224 201 3276 ιύκ
229 3222 571 3291 ἐκάλεσαςτῇ
590 3222 763 3290 φωνῇ,
781 3219 1173 3282 ἀλλ’ἐκάλεσας
1198 3216 1381 3287 φωνῆς
1403 3216 1785 3287 λαμπρότερον

103 3306 188 3359 διὰ
206 3306 318 3359 τῶν
338 3303 652 3375 ὀφθαλμῶν.
686 3302 849 3356 Ἀλλά
872 3303 1153 3355 καλέσασα
1178 3303 1279 3354 οὑκ
1294 3302 1503 3364 ἔδωκας
1532 3302 1782 3369 σεαυτήν.

104 3390 244 3442 υἱιδέ
271 3387 442 3450 οὑτως
476 3386 782 3457 ἀπήλλαξαι
814 3386 912 3455 τῆς
943 3384 1240 3456 ἁμαρτίας.
1261 3383 1370 3437 Καὶ
1395 3383 1505 3454 γὰρ
1523 3380 1676 3454 [230]
1694 3381 1786 3436 καὶ

103 3472 266 3525 τοῦτο
288 3471 371 3524 Et:
383 3488 472 3542 ρον
489 3466 628 3532 εἶδος
655 3469 930 3540 πορνείας·
951 3468 1169 3539 καθαρά
1191 3468 1289 3539 τῆς
1312 3466 1524 3537 ῦϐρεως
1541 3465 1785 3537 ἔμεινας.

106 3556 243 3609 έλλὰ
270 3555 369 3625 τῆς
402 3552 815 3624 σωματικῆς,οὑ
832 3553 931 3623 τῆς
955 3552 1210 3622 ψυχικῆς·
1231 3552 1325 3605 καὶ
1341 3549 1677 3620 ἀπήρτισταί
1706 3566 1787 3601 σοι

104 3640 171 3692 τὰ
197 3636 299 3709 τῆς
331 3638 607 3709 ἁμαρτίας
629 3636 891 3699 πάντα,εἰ
919 3636 1011 3689 καὶ
1042 3635 1117 3706 μὴ
1146 3635 1232 3688 διὰ
1262 3635 1361 3705 τῆς
1393 3633 1615 3704 μίξεως,
1653 3631 1788 3686 ἀλλά

105 3718 191 3771 διὰ
225 3718 322 3788 τῆς
349 3716 544 3786 ὅψεως.

175 3805 335 3868 Τίνος
372 3805 479 3874 γὰρ
508 3803 715 3865 ἕνεκεν,
735 3802 857 3855 εἰπέ
888 3799 1199 3872 μοι,καλεῖς
1228 3801 1354 3863 τοὺς
1392 3798 1706 3866 παριόνταςς
1737 3800 1788 3852 τί

104 3895 159 3948 ξέ
222 3893 479 3957 ἐξάπτεις
508 3892 569 3945 τὸ
601 3892 731 3963 πῦρ;
765 3890 883 3954 πῶς
910 3891 965 3943 δὲ
996 3889 1240 3961 νομίζεις
1277 3883 1417 3941 εἶναι
1447 3887 1664 3959 καθαρά
1690 3889 1789 3955 τῆς

106 3978 405 4046 ἁμαρτίας,
441 3977 621 4028 πᾶσαν
669 3974 838 4045 αὑτὴν
886 3972 1271 4045 ἐργασαμένη;
1300 3971 1407 4023 Καὶ
1454 3970 1562 4040 γὰρ
1587 3970 1789 4023 τέλειον

108 4060 352 4127 εἰργάσω
395 4054 579 4124 μοιχὸν
604 4053 915 4116 τὸνάλόντα
947 4070 1040 4125 σου
1066 4052 1145 4122 τῷ
1176 4052 1412 4122 σχήματι
1440 4049 1634 4120 τούτῳ·
1675 4050 1789 4112 πῶς

106 4138 198 4192 οὖν
222 4137 446 4191 δύνασαι
473 4136 550 4207 μὴ
564 4131 702 4188 εἶναι
719 4134 985 4205 μοιχαλὶς,
1005 4136 1133 4188 ὅταν
1148 4133 1207 4185 τὸ
1239 4132 1397 4203 ἔργον
1428 4148 1518 4184 σου
1545 4132 1792 4201 μοιχείας

110 4223 471 4290 ἁλίσκηταιςὴ
509 4220 615 4287 γάρ
648 4217 855 4272 ἐκείνου
889 4218 1053 4288 μανία
1086 4217 1177 4269 σὸν
1196 4215 1356 4285 ἔργον
1383 4214 1661 4267 ἐστί.’⁸οτι
1683 4213 1790 4282 γάρ

109 4305 140 4374 ἡ
175 4299 660 4362 κατασκευάζουσα
689 4300 909 4369 μοιχοὺς
938 4298 1182 4369 μοιχείας
1204 4298 1490 4363 διαφυγεῖν
1522 4296 1790 4365 τιμωρίαν

109 4389 211 4439 οὒκ
235 4387 300 4439 ἂν
332 4384 586 4455 δυνηθείη
618 4384 762 4449 ποτὲ,
786 4383 948 4435 παντί
975 4399 1077 4435 που
1098 4380 1255 4451 δῆλόν
1285 4383 1424 4431 ἐστι.
1456 4378 1527 4431 Σὺ
1557 4378 1617 4431 τὸ
1643 4378 1791 4447 ξίφος

112 4465 412 4534 ἡκόνησας,
446 4464 510 4514 σὺ
543 4463 640 4532 τὴν
689 4461 868 4523 δεξιὰν
898 4461 1177 4523 ῶπλισας,
1218 4460 1281 4513 σὺ
1315 4460 1414 4529 τὴν
1442 4456 1792 4528 ὡπλισμένην

110 4548 292 4613 δεξιὰν
322 4547 461 4599 κατὰ
493 4547 588 4614 τῆς
612 4545 799 4608 ἀθλίας
821 4543 1040 4615 ῶθησας
1063 4542 1263 4613 ψυχῆς·
1296 4542 1412 4605 πῶς
1441 4535 1534 4593 οὖν
1564 4539 1792 4592 δύνασαι

112 4629 213 4696 τῆς
248 4628 341 4680 ἐπί
370 4626 444 4695 τῷ
482 4626 624 4695 φόνῳ
655 4624 827 4695 τούτῳ
849 4625 1120 4695 τιμωρίας
1143 4619 1622 4683 άπαλλάττεσθαις
1656 4620 1791 4671 Εἰπὲ

111 4709 223 4780 γάρ
250 4724 360 4777 μοι,
384 4709 537 4770 τίνας
561 4706 826 4777 μισοῦμεν
852 4707 946 4760 καί
966 4705 1425 4777 ἀποστρεφόμεθα
1444 4705 1475 4773 ἡ
1486 4706 1625 4772 μεῖς;
1643 4702 1792 4766 τίνας

111 4787 169 4839 δὲ
192 4789 242 4840 οἰ
274 4785 559 4855 νομοθέται
580 4784 675 4837 καὶ
693 4785 943 4837 δικασταί
965 4784 1273 4849 κολάζουσι;
1296 4786 1420 4846 τους
1440 4783 1694 4845 πίνοντας
1726 4782 1793 4835 τὰ

111 4870 418 4965 δηλητίγρια
446 4868 781 4940 φάρμακα,ἢ
799 4870 925 4931 τοὺς
949 4868 1313 4940 κεραννύντας
1330 4868 1427 4937 τὴν
1458 4866 1678 4930 κύλικα,
1699 4867 1793 4923 καὶ

114 4950 624 5017 κατασκευάζοντας
654 4953 793 5007 αὐτὰ
811 4995 825 5018 ,
854 4954 947 5005 καὶ
984 4950 1073 5004 διὰ
1103 4951 1201 5020 τῆς
1231 4951 1423 5021 τέχνης
1452 4950 1791 5012 ἀπολλύντας

113 5028 454 5133 τῆςβαὺτῶη
490 5038 611 5107 οὐχὶ
651 5038 775 5099 τοὺς
813 5035 1068 5097 πίνοντας
1101 5034 1197 5104 μὲν
1249 5034 1343 5086 καὶ
1392 5032 1650 5102 ἐλεοῦμεν
1696 5033 1790 5086 ἆτε

120 5121 181 5133 ,ς
340 5119 349 5133 .
528 5120 539 5133 .
630 5119 640 5133 .
796 5118 837 5133 ,ι
942 5117 953 5133 ,
1258 5116 1280 5133 .
1358 5115 1413 5133 ν,
1702 5132 1705 5133 ,
1760 5132 1763 5133 ,

114 5115 499 5188 ἠδικημένους,
526 5119 766 5181 ἐκείνους
792 5118 849 5170 δὲ
888 5117 1086 5179 πάσαις
1113 5115 1547 5185 καταδικάζομεν
1570 5116 1789 5185 ψήφοις

116 5204 226 5255 Καὶ
253 5204 351 5255 οὑκ
375 5203 534 5273 ἀρκεῖ
560 5203 696 5272 πρὸς
724 5200 1017 5269 ἀπολογίαν
1047 5201 1228 5263 αὑτοῖς
1255 5200 1317 5253 τὸ
1335 5200 1537 5266 λέγειν,
1563 5200 1643 5252 ὅτι
1678 5199 1791 5252 Οὑκ

117 5285 353 5355 ἐμαυτὸν
377 5285 605 5355 ἔϐλαψα,
630 5284 743 5339 ἀλλ’
772 5286 955 5356 ἕτερον
981 5284 1258 5336 ἀπώλεσα·
1283 5283 1418 5336 ἀλλὰ
1440 5284 1533 5337 καί
1564 5284 1630 5336 δι’
1662 5284 1791 5337 αὑτὸ

120 5367 216 5435 μὲν
241 5366 399 5418 τοῦτο
427 5363 813 5435 χαλεπωτέραν
844 5363 1045 5416 διδόασι
1070 5362 1245 5432 δίκην.
1285 5363 1355 5414 Σὺ
1381 5362 1465 5423 δέ,
1500 5362 1659 5415 ἀθλία
1698 5362 1790 5415 καὶ

119 5449 449 5519 ταλαίπωρε,
483 5448 763 5519 κεράσασα
812 5446 909 5517 τὴν
942 5446 1137 5499 κύλικα
1163 5445 1260 5516 τὴν
1285 5445 1533 5515 ὀλεθρίαν
1562 5446 1787 5515 ταύτην,

179 5608 206 5636 ⁸
230 5604 379 5654 Savil.
409 5607 490 5654 καὶ
512 5608 559 5655 ἐν
580 5608 649 5669 τῷ
674 5607 882 5668 σώματι,
901 5607 1079 5669 Morel.
1104 5611 1269 5656 autem
1296 5606 1378 5652 καὶ
1408 5605 1455 5653 ἐν
1473 5607 1543 5667 τῷ
1567 5606 1790 5665 στόματι,

119 5681 260 5730 quan}
290 5669 551 5716 lectionem
575 5676 774 5716 secutus
796 5678 872 5716 est
898 5668 1164 5729 interpres.

178 5730 209 5768 δ
229 5728 380 5801 Silv“.
414 5729 639 5801 πάντοθεν
669 5731 1003 5801 μηχανῴμεναι
1031 5725 1159 5801 τοῖς-
1180 5730 1353 5801 ὁρῶσιν
1379 5728 1580 5801 ἐγγίσαι.
1609 5725 1785 5776 Morel.

116 5791 340 5912 ﬁdvprfﬁev
362 5789 679 5852 μηχανήματα
700 5789 798 5846 τοῖς
838 5792 1012 5851 ὁρῶσιν
1050 5789 1265 5839 ἐνιεῖσαι.
1285 5789 1395 5838 Mox
1436 5790 1584 5837 Savil.
1608 5804 1773 5847 RE‘ROQ‘

120 5868 195 5899 νΞυ
253 5866 362 5898 νων.

120 5872 140 5895 ν
147 5870 159 5899 Ξ
166 5866 362 5899 unum.

178 5911 203 5977 ἦ
228 5911 375 5977 ξδνίί.
403 5911 519 5977 νέων
540 5912 814 5977 ἐξᾲπτεσθαι
833 5914 1041 5977 καρδίας,
1071 5914 1212 5963 (Παίς.

180 5972 204 6013 ά
228 5973 373 6024 Βανὶι.
415 5974 544 6029 εἶπας
565 5972 653 6024 bis.

1866 654 1976 718 θαι,
1994 653 2054 706 τὸ
2075 655 2148 724 μὴ
2175 654 2313 723 αὑτὴ
2341 654 2506 713 πιεῖν,
2543 648 2658 703 ἀλλ’
2692 649 2866 719 ἐτέρῳ
2892 647 3196 717 παρασχεῖν
3226 643 3288 698 τὺ
3317 644 3553 715 δηλητὴ-

1870 755 2004 808 ριον;
2025 736 2215 791 Καίτοι
2237 754 2298 804 γε
2327 738 2484 806 ὑμεῖς
2501 734 2609 788 τῶν
2638 729 3101 803 φαρμακοπωλῶν
3121 729 3346 808 ἐκείνων
3364 726 3553 780 τοσού-

1867 805 1945 887 τῳ
1975 805 2375 887 χαλεπωτέραν
2390 813 2590 868 δώσετε
2624 812 2803 881 δίκην,
2836 811 2947 880 ὅσῳ
2969 810 3062 861 καὶ
3088 806 3363 870 ὀθάνατος
3392 805 3552 875 χαλε-

1869 899 2133 971 πώτερος.
2158 899 2231 951 Οὑ
2254 898 2364 975 γὰρ
2389 897 2547 967 σῶμα
2576 893 2757 962 μόνον,
2783 893 2917 975 ἀλλά
2934 894 3028 945 καὶ
3051 891 3226 975 ψυχὴν
3255 892 3551 975 ἀναιρεῖτε·

1869 982 2110 1034 κάκεῖνοι
2135 980 2232 1051 μὲν
2261 972 2568 1048 πολλάκιςῆ
2588 972 2810 1046 θυμῷ,ἢ
2842 974 2979 1045 ὀργῇ
3008 973 3169 1027 τοῦτο
3195 974 3552 1044 πράττουσιν,

1870 1063 1904 1134 ἣ
1936 1063 2236 1134 χρημάτων
2268 1062 2535 1132 δεόμενοι·
2589 1060 2747 1129 ὑμεῖς
2787 1057 2843 1109 δέ
2878 1057 2999 1109 ούδέ
3030 1058 3109 1119 είς
3158 1055 3366 1125 ταύτην
3400 1054 3557 1126 ἔχετε

1870 1147 2205 1214 καταφυγεῖν
2238 1144 2336 1214 τὴν
2365 1143 2655 1214 πρόφασιν.
2677 1138 2814 1193 Οῦτε
2849 1139 2959 1211 γάρ
2987 1138 3214 1210 ἐχθροὺς
3238 1137 3558 1201 δντας,οὑτε

1871 1230 2219 1300 ἠδικηκότας,
2252 1226 2375 1280 οὔτε
2405 1226 2704 1298 χρημάτων
2725 1224 2976 1293 δεόμεναι
3006 1222 3165 1275 τοῦτο
3197 1225 3423 1285 ποιεῖτε,
3442 1221 3558 1275 ἀλλ’

1874 1311 2015 1381 ὑπὲρ
2040 1309 2342 1375 κενοδοξίας
2370 1309 2539 1380 μόνης
2568 1306 2647 1371 είς
2678 1305 2776 1369 τὰς
2793 1304 3082 1375 ἀλλοτρίας
3111 1305 3332 1369 παίζετε
3359 1305 3557 1375 ψυχας,

1872 1394 2061 1465 τέρψιν
2089 1393 2298 1447 οἰκείαν
2324 1392 2416 1445 τὸν
2449 1391 2652 1460 ἐτέρων
2684 1387 3007 1460 ποιούμεναι
3044 1386 3297 1441 θάνατον.

1947 1476 2013 1547 β’.
2059 1474 2223 1528 Ἀλλά
2264 1474 2374 1544 γὰρ
2406 1474 2506 1526 οὑκ
2527 1468 2645 1525 οίδα
2695 1471 2813 1533 πῶς
2846 1469 3143 1541 ἐξηνέχθην
3176 1468 3350 1522 ταῦτα
3388 1469 3564 1523 εἰπεῖν

1876 1559 2111 1631 ἑτέρωσε
2139 1557 2570 1630 ὀρμῶν·.διόπερ
2603 1555 2885 1607 ἐπανιτέον
2904 1593 2917 1617 ,
2946 1552 3068 1605 ὅθεν
3099 1552 3313 1623 ἐξέϐην.
3351 1553 3565 1622 ’Ὠσπερ

1875 1630 1983 1709 γάρ
2021 1638 2120 1690 οὑκ
2149 1636 2461 1709 ἀρκούντων
2516 1633 2721 1687 τούτων
2770 1631 3133 1703 καταισχῦναι
3162 1632 3222 1684 τὸ
3251 1633 3359 1684 πᾶν
3390 1630 3564 1694 ἔθνος,

1878 1716 1971 1769 καὶ
1999 1716 2127 1771 ἀλλο
2153 1735 2205 1769 τι
2248 1715 2409 1769 πλέον
2440 1714 2761 1777 ἐπενόησαν.
2787 1711 2944 1769 Ἀλλὰ
2992 1711 3182 1782 μηδεὶς
3212 1712 3342 1781 περί
3375 1710 3568 1764 πασῶν

1876 1799 2048 1854 ταῦτα
2073 1800 2325 1871 εἰρῆσθαι
2371 1798 2659 1870 νομιζέτω·
2685 1797 2747 1850 ού
2774 1794 2884 1866 γάρ
2914 1794 3086 1859 οὑτως
3110 1794 3295 1859 ἄθλιός
3323 1795 3462 1865 είμι,
3493 1794 3569 1857 ὡς

1877 1882 2012 1955 ὁμοῦ
2038 1885 2214 1937 πάντα
2240 1882 2432 1955 φύρειν
2453 1884 2547 1937 καὶ
2572 1882 2813 1951 συγχεῖν.
2831 1880 2968 1951 Περὶ
2984 1880 3092 1951 γὰρ
3115 1880 3223 1934 τῶν
3251 1878 3568 1933 ὑπευθύνων

1878 1967 1974 2020 καὶ
1997 1966 2167 2019 ταῦτα
2194 1966 2432 2037 εἴρηται,
2448 1965 2541 2020 καὶ
2565 1967 2633 2018 τὰ
2667 1964 2805 2035 μετά
2827 1962 2999 2017 ταῦτα
3022 1964 3323 2033 εἰρήσεται.
3355 1964 3567 2032 ’Ὠσπερ

1877 2048 1986 2121 γὰρ
2006 2049 2105 2101 οὑκ
2131 2049 2445 2118 ἀρκούντων
2469 2046 2674 2100 τούτων
2700 2048 2779 2109 εἰς
2811 2046 3039 2117 βλάϐην,
3060 2047 3265 2117 ἄνδρας
3294 2046 3447 2109 τινὰς
3473 2048 3568 2098 οὺ-

1877 2131 2109 2198 δαμόθεν
2141 2133 2333 2194 αὑταῖς
2362 2131 2741 2201 προσήκοντας
2762 2128 3025 2181 λαϐοῦσαι
3050 2129 3567 2197 συγκατακλείουσι,

1879 2214 1975 2267 καὶ
1998 2213 2087 2266 τὸν
2112 2215 2290 2267 πάντα
2316 2211 2682 2276 συνοικίζουσι
2712 2212 2927 2281 χρόνον,
2947 2211 3196 2283 καθάπερ
3224 2211 3571 2281 ἐνδεικνύμε-

1883 2313 1967 2349 ναι
1990 2297 2085 2349 καὶ
2121 2295 2209 2350 διὰ
2229 2296 2433 2349 τούτων
2468 2296 2563 2348 καὶ⁸
2597 2295 2685 2349 διὰ
2714 2294 2822 2348 τῶν
2864 2295 3195 2366 εἰρημένων,
3228 2297 3310 2347 ὅτι
3338 2297 3569 2349 ἄκουσαι

1880 2378 2078 2450 ἐπὶτὴν
2090 2377 2389 2450 παρθενίαν
2411 2376 2771 2447 εἰλκύσθησαν
2790 2378 2881 2430 καὶ
2910 2377 3029 2447 βίαν
3085 2377 3445 2448 ὑπομείναται
3472 2378 3570 2447 τὴν

1881 2461 2248 2532 ἐσχάτην·καί
2269 2461 2444 2535 ταύτῃ
2458 2459 2911 2533 παραμυθοῦνται
2927 2461 3025 2532 τὴν
3051 2460 3170 2530 βίαν
3186 2460 3387 2532 καιτὴν
3403 2461 3571 2528 ἀνάγ-

1882 2543 2087 2613 κην.Τί
2118 2543 2384 2615 γάρ;ούχὶ
2416 2542 2621 2595 τούτων
2651 2542 2821 2612 χείρω
2840 2542 2993 2614 παρά
3015 2542 3253 2606 πάντων,
3286 2543 3415 2595 ὅταν
3440 2541 3570 2595 ταῦ-

1880 2642 1949 2678 τα
1970 2625 2209 2695 γίνηται,
2229 2624 2444 2693 λέγεται
2482 2626 2576 2678 καί
2611 2625 2759 2695 παρά
2784 2624 2955 2693 φίλων
2978 2625 3072 2677 καὶ
3094 2624 3333 2690 οἰκείων;
3355 2624 3573 2687 Ταύτας

1880 2707 1938 2760 δὲ
1955 2706 2053 2779 ζῇν
2082 2708 2114 2780 ἢ
2150 2708 2408 2761 ἀναπνεῖν
2441 2708 2577 2769 ὅλως
2602 2706 2729 2773 ἔδει,
2767 2707 2903 2760 ἀλλά
2932 2718 2954 2746 ο
2989 2710 3063 2778 μὴ
3089 2706 3437 2778 διαπρίεσθαι
3479 2706 3573 2776 μέ-

1884 2806 2004 2853 σας,
2047 2789 2079 2858 ἦ
2112 2789 2538 2862 κατορύττεσθαι
2572 2788 2754 2853 ζώσας
2789 2791 2907 2860 μετ’
2936 2789 3163 2843 ἐκείνων
3204 2790 3421 2854 αὑτῶν;
3460 2789 3569 2842 Καῖ

1881 2871 1989 2941 γάρ
2016 2872 2107 2923 καὶ
2135 2871 2311 2925 ταῦτα
2348 2872 2443 2925 καὶ
2472 2871 2680 2925 τούτων
2738 2871 2918 2942 πολλῷ
2973 2872 3196 2925 πλείονα
3219 2871 3457 2933 ἅπαντες
3485 2870 3564 2923 λέ-

1881 2968 2057 3018 γουσι·
2084 2954 2179 3006 καὶ
2210 2952 2575 3025 [251]δρόμος
2605 2953 2798 3007 λοιπὸν
2824 2956 2945 3016 ταῖς
2980 2955 3168 3024 μαίαις
3189 2954 3309 3006 καθ’
3334 2954 3571 3024 ἑκάστην

1884 3041 2098 3114 ἡμέραν
2124 3043 2218 3096 ἐπὶ
2237 3043 2333 3106 τὰς
2361 3042 2468 3096 τῶν
2497 3042 2785 3114 παρθένων
2814 3043 3012 3107 οἰκίας,
3043 3042 3295 3115 καθάπερ
3324 3044 3459 3115 πρὸς
3472 3043 3570 3105 τας

1883 3124 2198 3191 ὠδινούσας,
2215 3127 2313 3197 οὑχ
2335 3126 2477 3180 ὥστε
2505 3126 2757 3197 λοχεῦσαι
2783 3125 3073 3180 τίκτουσαν
3102 3127 3314 3197 (γέγονε
3341 3127 3440 3196 μὲν
3463 3126 3573 3196 γάρ

1884 3207 1979 3261 κα.)⁸
2009 3210 2101 3261 ἐπί
2135 3226 2298 3262 τινων
2323 3209 2419 3262 καὶ
2446 3208 2650 3277 τοῦτο),
2682 3208 2796 3264 ἀλλ’
2829 3209 2970 3261 ὥστε
3003 3208 3297 3277 διαγνῶναι
3322 3207 3573 3279 καθάπερ

1884 3290 1979 3343 ἐπὶ
1998 3290 2106 3344 τῶν
2126 3291 2450 3361 ὠνουμένων
2473 3291 2891 3363 θεραπαινίδων,
2907 3292 2990 3354 τίς
3016 3291 3571 3362 μὲνὴδιεφθαρμένη,

1885 3374 1969 3438 τίς
2001 3374 2059 3428 δὲ
2088 3377 2120 3445 ἡ
2149 3374 2445 3444 ἀνέπαφος·
2474 3375 2570 3428 καὶ
2598 3379 2631 3446 ἡ
2667 3374 2765 3445 μὲν
2792 3375 3072 3445 ὑπήκουσε
3106 3376 3400 3446 ῥᾳδίωςνιῇ
3426 3377 3574 3429 δοκι-

1890 3456 2083 3529 μασίᾳ,
2120 3458 2153 3529 ἡ
2182 3457 2239 3512 δὲ
2287 3461 2508 3521 ἀντεῖπε
2529 3497 2543 3519 ,
2586 3457 2681 3510 καὶ
2710 3457 2860 3529 αὑτῷ
2888 3457 3065 3529 τούτῳ
3117 3458 3603 3529 καταισχυνθεῖσα,

1887 3538 2151 3610 ἀπῆλθεν,
2185 3544 2233 3594 εἰ
2260 3542 2356 3595 καὶ
2388 3542 2462 3612 μὴ
2492 3541 2801 3612 διέφθαρτο·
2832 3543 2926 3595 καὶ
2952 3544 2984 3613 ἡ
3015 3543 3113 3613 μὲν
3144 3542 3363 3613 ἐάλω,ἠ
3394 3542 3449 3595 δέ
3479 3544 3578 3612 οὑχ

1885 3630 2047 3696 ἐάλω,
2076 3631 2172 3684 καὶ
2214 3628 2355 3700 αὑτὴ
2387 3628 2444 3682 δέ
2485 3628 2648 3683 πάλιν
2680 3630 2780 3700 οὐχ
2810 3625 2973 3700 ἧττον
2998 3630 3215 3701 ἐκείνης
3240 3631 3575 3700 αἰσχύνεται,

1890 3718 1964 3789 μὴ
1992 3718 2281 3788 δυνηθεῖσα
2304 3716 2615 3781 ἀξιόπιστος
2648 3717 2757 3769 ἀπὸ
2783 3716 2878 3769 τοῦ
2906 3718 3111 3790 τρόπου
3144 3719 3400 3788 φανῆναι,
3441 3718 3576 3771 ἀλλὰ

1893 3803 2198 3873 μαρτυρίας
2228 3802 2327 3869 τῆς
2353 3799 2461 3852 ἀπὸ
2489 3800 2588 3869 τῆς
2620 3801 2923 3867 ἐξετάσεως
2956 3801 3227 3871 δεηθεῖσα.
3260 3802 3445 3853 Πόσων
3478 3802 3579 3855 οὑκ

1889 3885 2013 3951 ἄξια
2034 3884 2207 3937 ταῦτα
2238 3882 2528 3954 δακρύων;
2569 3885 2753 3937 πόσων
2782 3885 2882 3937 οὑκ
2912 3884 3038 3948 ἄξια
3078 3884 3358 3949 θανάτων;
3400 3886 3496 3948 Τίς
3520 3886 3577 3939 δὲ

1888 3969 2030 4022 οὑτω
2065 3968 2265 4030 λίθινος
2293 3967 2387 4020 καὶ
2422 3967 2783 4037 ἀσυμπαθὴς,
2816 3969 2891 4029 ὼς
2924 3970 2997 4038 μὴ
3032 3969 3349 4039 πυρωθῆναι
3386 3970 3476 4021 καὶ
3508 3972 3578 4023 τὰ

1888 4054 1981 4106 τοῦ
2014 4052 2198 4112 Φινεὲς
2223 4051 2436 4116 παθεῖν;
2468 4050 2609 4102 Ἀλλ’
2635 4052 2843 4113 ἐκεῖνος
2879 4052 2999 4119 μὲν,
3028 4053 3075 4103 εἰ
3103 4052 3242 4104 κατὰ
3268 4053 3357 4105 τὸν
3389 4054 3581 4123 καιρὸν

1891 4139 2096 4190 ἐκεῖνον
2119 4135 2322 4202 ταύτην
2348 4130 2452 4187 οἶδε
2493 4135 2784 4204 γινομένην
2813 4135 2913 4205 τὴν
2947 4136 3358 4206 ἀσχημοσύνην,
3384 4138 3481 4190 οὐκ
3513 4138 3579 4191 ἂν

1890 4220 2068 4273 αὑτῶν
2099 4218 2372 4288 ἐφείσατο,
2419 4216 2534 4270 ἀλλ’
2565 4217 2821 4291 ἐποίησεν
2864 4220 2929 4271 ἂν
2979 4218 3163 4281 ταυτὸ,
3206 4220 3340 4289 ὅπερ
3366 4222 3457 4273 καὶ
3486 4224 3579 4274 ἐπὶ

1891 4302 1987 4369 τῆς
2018 4297 2394 4359 Μαδιανίτιδος
2424 4297 2546 4349 τότε
2574 4297 2892 4366 εἰργάσατο·
2915 4300 3073 4367 ἡμεῖς
3099 4298 3155 4350 δέ
3190 4299 3271 4367 (οὑ
3303 4299 3410 4372 γὰρ
3435 4302 3581 4370 ἐφεῖ-

1891 4400 1977 4435 ται
2003 4380 2248 4451 ἁρπάσαι
2279 4381 2574 4450 μάχαιραν,
2607 4378 2726 4432 οὐδὲ
2751 4380 3010 4450 κεντῆσαι
3037 4379 3115 4450 τῷ
3153 4382 3490 4454 σειρομάστῃ
3518 4386 3576 4438 1-";

1893 4464 1959 4517 τὰ
1989 4463 2213 4515 τοιαῦτα
2245 4460 2723 4537 πλημμελοῦντας)
2757 4461 3042 4532 πάσχομεν
3077 4463 3176 4533 μὲν
3204 4465 3399 4524 ταυτὰ,
3435 4466 3578 4537 ἀπερ

1892 4547 2098 4610 ἐκεῖνος
2119 4546 2319 4599 ἔπαθεν
2339 4548 2367 4599 ὀ
2388 4546 2563 4615 ἅγιος,
2592 4534 2652 4597 οὑ
2678 4545 2895 4619 δρῶμεν
2924 4546 2981 4598 δέ
3008 4544 3201 4621 ταυτά,
3231 4546 3344 4597 ἀλλ’
3375 4534 3578 4617 ἐτέρως

1894 4625 2367 4699 παραμυθούμεθα
2421 4625 2520 4695 τὴν
2549 4616 2743 4693 ὀδύνην
2763 4663 2778 4687 ,
2802 4624 2871 4677 δι’
2900 4616 3154 4699 ὀδυρμῶν
3195 4626 3289 4678 καὶ
3343 4616 3583 4696 θρήνωνζ

1893 4688 2062 4773 Δεῦρο
2075 4691 2189 4770 οῦν,
2206 4688 2575 4773 συναλγήσατέ
2602 4720 2691 4769 μοι
2718 4704 2811 4755 καὶ
2842 4688 3359 4769 συστενάξατεβσαι
3376 4688 3578 4777 ταύτης

1894 4788 2049 4851 ἐκτός
2077 4788 2199 4839 ἐστε
2222 4786 2321 4855 τῆς
2344 4785 2629 4855 αἰσχύνης·
2666 4786 2722 4837 αἰ
2757 4784 2865 4856 γὰρ
2901 4784 3083 4838 ἄθλιαι
3118 4786 3211 4838 καὶ
3238 4786 3577 4857 ταλαίπωροι

1895 4872 2099 4924 ἐκεῖναι
2133 4871 2224 4923 καὶ
2269 4868 2605 4937 ἀναλγησίαν
2647 4867 2777 4931 ἴσως
2812 4868 2952 4937 μετά
2996 4868 3105 4921 τῶν
3142 4869 3317 4923 ἀλλων
3360 4872 3577 4925 νοσοῦσι

1894 4952 2105 5007 κακῶν.
2134 4952 2272 5005 Ἀλλ’
2304 4951 2549 5021 ὑμεῖς,αί
2568 4950 2757 5005 τοῦτον
2786 4951 3184 5022 ἀναδεξάμεναι
3213 4953 3303 5007 τὸν
3333 4954 3467 5024 βίον,
3485 4956 3580 5009 καὶ

1892 5034 1986 5090 τοῦ
2014 5034 2301 5105 νυμφῶνος
2331 5033 2755 5103 καταξιούμεναι
2801 5034 2895 5087 καὶ
2919 5035 3014 5087 τοῦ
3045 5035 3301 5106 νυμφίου,
3326 5038 3420 5089 καὶ
3450 5056 3577 5107 φαι-

1892 5118 2024 5189 δράς
2056 5118 2277 5188 ἔχουσαι
2301 5117 2399 5181 τὰς
2421 5116 2729 5188 λαμπάδας,
2749 5118 2843 5171 καὶ
2871 5117 2949 5189 τῷ
2965 5118 3132 5189 τιμίῳ
3155 5119 3255 5189 τῆς
3276 5121 3576 5190 παρθενίας

1894 5201 2092 5265 παντὸς
2117 5202 2270 5271 διαδὴ
2280 5218 2449 5271 ματος
2488 5199 2769 5270 βασιλικοῦ
2831 5200 3031 5269 μᾶλλον
3056 5201 3427 5273 κοσμούμεναι
3450 5221 3539 5257 ατε
3554 5234 3574 5246 -

1892 5285 2066 5355 φάνῳ,
2094 5284 2402 5356 δακρύσατε
2430 5286 2527 5337 σὺν
2551 5286 2704 5354 ἡμῖν,
2736 5284 2832 5337 καὶ
2867 5283 3081 5354 πικρῶς
3120 5276 3483 5356 ἀνοιμώξατε·
3512 5289 3575 5341 οὑ

1895 5369 2089 5440 μικρὸν
2114 5368 2271 5422 τοῦτό
2296 5369 2413 5420 ἐστι
2444 5369 2737 5440 φάρμακον
2789 5367 2881 5421 καί
2927 5370 3008 5431 εἰς
3045 5368 3331 5439 διόρθωσιν
3364 5372 3471 5423 τῶν
3510 5374 3579 5427 τά

1890 5456 2083 5508 ἀνίατα
2112 5454 2436 5518 νοσούντων,
2468 5455 2562 5509 καὶ
2601 5455 2681 5518 εἰς
2709 5454 3069 5526 παραμυθίαν
3100 5456 3209 5508 τῶν
3246 5455 3316 5509 τά
3353 5457 3579 5513 ἐκείνων

1888 5538 2251 5609 ὀδυρομένων·
2292 5537 2451 5591 τοῦτο
2484 5538 2625 5591 καἰὸ
2681 5538 2916 5609 νυμφίος
2946 5541 2975 5591 ὀ
3003 5538 3269 5610 ὑμέτερος
3309 5541 3575 5613 πεποίηκέ

1892 5642 2041 5678 ποτε.
2106 5626 2219 5696 Τὴν
2268 5626 2378 5695 γὰρ
2412 5624 2768 5696 Ἰερουσαλὴμ
2806 5625 2945 5695 πρὸς
3003 5624 3231 5695 ἔσχατον
3303 5627 3579 5691 ἀπωλείας

1890 5708 2305 5778 κατενεχθεῖσαν
2373 5707 2530 5773 ἰδὼν,
2590 5708 2681 5760 καὶ
2752 5709 2936 5762 οὑκέτι
3009 5708 3317 5779 δυναμένην
3353 5711 3576 5778 ἀνενεγ-

1892 5794 2006 5845 κεῖν
2056 5792 2163 5844 ἀπὸ
2218 5792 2317 5861 τῆς
2359 5791 2737 5862 ·ἀρῤωστίας,
2804 5792 3071 5863 ἐδάκρυσε
3104 5808 3117 5821 ·
3173 5793 3269 5845 καὶ
3325 5794 3418 5846 ἐπὶ
3475 5794 3578 5866 τῆς

1960 5908 2518 5974 θεαςὶιτέλέγεταιηκαί
2557 5910 2745 5959 οἰκείων
2788 5910 2870 5958 καὶ
2920 5910 3084 5974 φίλων.
3130 5910 3316 5969 Ταύτας
3348 5908 3420 5961 δεῖ
3463 5912 3575 5974 av;

1893 5972 2108 6019 ἀναπνεῖν
2132 5972 2177 6017 ὅ)
2190 5987 2278 6026 ως;
2305 5971 2382 6018 ὀιὶᾶ
2394 5970 2441 6018 ά.
