4264 6312
279 398 384 453 iiii

276 508 488 581 quando
517 515 572 564 et
597 520 826 578 sponsus
849 492 1030 561 vester
1052 501 1198 558 fecit.
1226 501 1359 556 Nam
1383 515 1508 557 cum
1536 497 1745 555 videret
1767 495 1862 554 Je-

280 600 514 655 rusalem
567 598 621 652 in
673 605 972 653 extremam
1001 592 1354 664 perditionem
1381 592 1673 656 inductam,
1699 590 1770 644 ita
1810 598 1866 646 ut

282 703 387 742 non
412 697 590 757 posset
612 686 722 757 jam
749 685 816 740 ab
846 681 1155 738 infirmitate
1175 680 1354 736 reduci
1378 720 1393 746 ,
1423 681 1686 750 lacrymas
1731 677 1864 732 fudit

279 775 434 849 (an.
480 776 567 831 i9.
588 775 684 849 4-1)
715 817 730 840 ,
759 784 815 831 et
840 774 895 828 in
932 772 1216 828 Bethsaida
1258 770 1622 826 admonitione
1647 767 1861 838 quidem

281 882 388 922 non
415 875 499 922 est
527 880 654 936 usus
682 871 856 936 neque
881 863 1046 934 signis
1065 904 1081 929 ,
1110 861 1373 920 miserans
1406 869 1584 917 autem
1625 858 1865 917 civitates

282 955 483 1020 solum,
503 955 602 1010 ,ναι
629 954 854 1010 subinde
890 951 1222 1019 inclamavit,
1250 952 1388 1010 sicut
1410 958 1465 1005 et
1503 965 1601 1008 nos
1643 947 1866 1006 facimus

265 1051 335 1104 in
363 1049 429 1104 iis
473 1048 563 1126 qui
608 1047 838 1106 animam
876 1045 986 1121 iam
1015 1044 1220 1100 eiliant.
1265 1043 1395 1102 item
1439 1041 1629 1100 beatus
1670 1040 1866 1097 Paulus

279 1139 529 1209 exemplo
556 1137 792 1208 Magistri
833 1137 914 1191 sui
942 1150 1048 1191 non
1074 1136 1306 1191 cessavit
1337 1149 1433 1207 per
1459 1148 1674 1193 omnem
1700 1131 1863 1188 vitam

279 1245 432 1290 suam
455 1211 577 1294 eos,
607 1229 696 1298 qui
717 1226 1051 1296 exciderant,
1075 1209 1136 1280 et
1155 1225 1245 1296 qui
1275 1223 1330 1279 in
1357 1224 1508 1280 ruina
1534 1238 1630 1279 sua
1655 1238 1869 1278 manse—

281 1329 425 1386 rant,
453 1329 508 1372 et
551 1332 829 1392 resurgere
865 1307 1047 1387 postea
1091 1315 1393 1382 noluerant,
1436 1313 1718 1385 deplorare
1759 1321 1866 1368 tam

282 1426 488 1476 amare,
517 1421 577 1466 ut
616 1412 714 1465 hac
759 1409 930 1464 valida
962 1408 1407 1467 determinatione
1449 1407 1776 1478 signiﬁcaret
1815 1415 1871 1461 et

283 1503 544 1568 scriberet
563 1502 820 1561 Romanis
841 1500 1028 1562 dicens
1051 1517 1066 1553 :
1096 1499 1323 1554 Tristitia
1347 1498 1472 1552 mihi
1495 1509 1568 1553 est
1595 1514 1798 1567 magna,
1821 1506 1869 1552 et

283 1595 552 1655 continuus
589 1591 735 1647 dator
773 1592 918 1654 cordi
959 1609 1091 1646 meo.
1150 1590 1401 1660 Optabam
1447 1592 1583 1645 enim
1625 1606 1715 1663 ego
1762 1591 1872 1660 ipse

282 1685 560 1744 anathema
605 1699 712 1738 esse
737 1701 769 1737 a
793 1682 996 1746 Christo
1042 1699 1133 1754 pro
1181 1682 1423 1754 fratribus
1461 1682 1602 1746 meis,
1645 1682 1730 1751 qui
1756 1689 1870 1738 sunt
1926 1749 1932 1756 .

285 1776 488 1844 cognati
514 1774 611 1828 mei
633 1774 908 1834 secundum
931 1789 1155 1840 carnem,
1281 1780 1396 1826 sunt
1415 1770 1673 1826 Israelita:
1691 1770 1868 1847 (Rom.

283 1867 339 1921 9.
353 1864 492 1935 2-4).
513 1863 674 1920 Vides
686 1873 936 1941 quautam
956 1863 1185 1920 habeant
1205 1864 1365 1919 verba
1382 1863 1697 1934 emphasim,
1713 1879 1871 1934 quau-

288 1966 395 2014 tam
425 1955 750 2010 anxietatem
777 1955 956 2010 cordis
984 1970 1094 2025 pra:
1119 1969 1179 2010 se
1206 1952 1419 2010 ferant?
1446 1953 1666 2023 Insuper
1686 1952 1874 2009 lideles

287 2047 649 2103 claudicantes
673 2056 728 2102 et
765 2047 1169 2117 tempestatibus
1195 2045 1482 2116 depressos
1509 2046 1588 2102 sic
1606 2045 1871 2116 deplorat,

287 2137 442 2206 quasi
469 2137 582 2208 ipse
610 2136 799 2192 eadem
844 2136 983 2191 mala
1009 2137 1364 2207 experiretur.
1397 2135 1522 2201 Quis
1560 2135 1702 2191 enim
1721 2174 1737 2198 ,
1766 2137 1872 2203 ait,

286 2227 593 2298 inﬁrmatur,
620 2237 667 2284 et
693 2244 784 2299 ego
812 2227 913 2283 rion
947 2228 1220 2297 inﬁrmari
1246 2228 1358 2297 quis
1390 2227 1802 2293 scandalizatur,
1827 2235 1875 2282 et

285 2334 378 2393 ego
403 2335 504 2372 non
531 2335 654 2373 uror
685 2318 759 2390 (2.
791 2318 910 2374 Cor.
946 2319 1034 2372 11.
1069 2316 1201 2392 29)?
1227 2317 1297 2378 Et
1329 2314 1434 2373 nbn
1475 2318 1623 2386 dicit,
1654 2319 1872 2385 tristor,

267 2400 406 2477 sed,
439 2428 578 2477 uror,
609 2411 996 2467 intolerabilem
1019 2419 1075 2472 et
1104 2411 1476 2472 incredibilem
1506 2411 1746 2468 dolorem
1775 2427 1876 2486 per

288 2500 590 2559 incendium
640 2502 918 2557 enuntiare
954 2501 1158 2557 volens.
1199 2501 1478 2557 imitemur
1526 2503 1685 2574 igitur
1712 2504 1875 2561 etiam

289 2605 389 2644 nos
426 2598 481 2645 e‘t
511 2592 793 2651 Dominum
833 2599 1074 2647 nostrum
1103 2600 1156 2649 et
1179 2608 1517 2649 conservum.
1558 2593 1689 2653 Nam
1721 2581 1875 2650 nobis

288 2681 483 2737 horum
505 2684 799 2752 gemituum
826 2701 930 2742 non
951 2701 1110 2756 parva
1132 2687 1235 2742 erit
1260 2703 1502 2753 merces;
1533 2687 1671 2743 sicut
1698 2703 1878 2758 neque

286 2771 576 2842 vulgariter
605 2774 1069 2852 reprehenduntur
1095 2790 1124 2829 a
1155 2777 1266 2832 Deo
1291 2777 1384 2847 qui
1420 2778 1620 2848 absque
1648 2779 1877 2837 commi-

285 2863 557 2927 seratione
591 2874 808 2924 suorum
852 2868 1214 2922 membrorum
1258 2867 1395 2922 mala
1436 2875 1872 2939 praztercurruut.

287 2954 354 3008 Et
394 2954 524 3008 illud
567 2955 779 3024 quidem
829 2956 969 3032 apud
1018 2958 1461 3028 patientissimum
1511 2959 1872 3030 Ezechiclcm,

286 3047 390 3113 hoc
412 3064 541 3104 vero
559 3050 696 3120 apud
725 3051 936 3107 beatum
961 3051 1236 3109 Michaeam
1258 3055 1437 3110 videre
1455 3057 1597 3111 licet.
1621 3055 1716 3112 ille
1727 3057 1871 3112 enim

285 3139 435 3206 dicit,
465 3139 779 3198 cumJudazi
811 3144 861 3197 in
894 3155 1191 3199 extremum
1213 3146 1476 3201 maiorum
1504 3149 1797 3216 venissent,
1819 3157 1875 3204 et

284 3241 477 3303 sponte
502 3232 762 3287 idolorum
802 3233 948 3289 cuitu
987 3249 1046 3290 se
1087 3236 1552 3306 coinquinassent,
1581 3238 1874 3309 imperasse

167 3382 174 3391 ,
257 3323 452 3386 Deum
478 3324 593 3378 dari
635 3326 843 3396 signum
869 3342 1032 3397 super
1079 3327 1240 3384 facies
1269 3329 1504 3385 virorum
1543 3333 1870 3401 gementium

285 3421 342 3467 et
358 3413 652 3468 dolentium
683 3429 844 3485 super
873 3411 1084 3487 iis'qum
1115 3418 1329 3474 ﬁebant.
1355 3419 1538 3491 Neque
1564 3422 1706 3476 enim
1735 3423 1868 3480 sim-

287 3504 495 3582 pliciter
517 3521 730 3577 gemere
753 3517 983 3578 oportet,
1018 3509 1112 3565 sed
1139 3521 1193 3566 et
1222 3512 1433 3578 dolere;
1463 3515 1709 3584 quamvis
1738 3515 1871 3573 nihil

284 3609 535 3664 umquam
577 3597 812 3652 dixerint
855 3599 938 3653 vel
987 3599 1210 3656 fecerint
1256 3601 1332 3656 1111
1372 3602 1440 3657 ad
1483 3607 1871 3663 correctionem

285 3703 470 3742 eorum
501 3705 620 3758 qum
652 3690 879 3755 ﬁebant;
911 3691 1004 3746 sed
1032 3694 1280 3767 quoniam
1321 3709 1414 3748 sua
1457 3696 1746 3752 intulerant
1780 3713 1872 3751 so-

287 3778 415 3843 lum,
452 3787 662 3840 tantum,
682 3780 858 3850 adepti
887 3793 1010 3836 sunt
1037 3782 1294 3839 honorem
1318 3799 1350 3841 a
1372 3785 1704 3841 misericordi
1740 3787 1869 3852 Deo,

285 3877 342 3922 ut
362 3879 413 3923 ct
452 3871 791 3926 securitatem
823 3881 878 3927 et
920 3873 1144 3951 gloriam
1178 3875 1396 3930 multam
1437 3889 1869 3949 assequerentur.

284 3960 531 4023 Michmas
572 3973 752 4021 autem
794 3979 915 4021 cum
944 3966 1062 4023 aliis
1093 3966 1630 4036 reprehensionibus,
1659 3985 1871 4026 comes-

284 4052 504 4107 sationis
551 4063 605 4108 et
659 4055 934 4110 ebrietatis
973 4065 1028 4112 et
1070 4057 1393 4114 inunctionis
1440 4070 1870 4130 unguentorum,

283 4141 424 4196 aliud
453 4143 637 4213 adjicit
664 4145 888 4212 crimen,
920 4162 1115 4216 nempe
1137 4147 1403 4204 defectum
1441 4151 1870 4208 commiseratio-

282 4236 399 4301 nis,
433 4235 512 4290 sic
551 4237 736 4291 dicens
767 4255 778 4289 :
807 4237 986 4306 Neque
1027 4241 1460 4312 componebantur
1490 4259 1645 4314 super
1679 4246 1868 4299 δοτιιοὶ-

282 4329 415 4386 tione
439 4325 631 4397 Joseph
658 4329 833 4397 (Amos
855 4330 907 4385 6.
938 4329 1017 4399 6).
1048 4329 1117 4386 Et
1157 4346 1253 4386 eos
1281 4333 1369 4402 qui
1395 4332 1704 4389 habitabant
1739 4335 1874 4390 civi-

281 4427 442 4478 tatem
484 4419 709 4484 Enan,‘
743 4430 959 4491 pr0pter
1003 4422 1105 4478 hoc
1151 4423 1520 4494 reprehendit,
1567 4405 1756 4482 iterum
1784 4428 1868 4483 di-

276 4525 445 4570 cens:
480 4511 630 4586 Quod
661 4530 761 4566 non
803 4514 952 4567 exivit
995 4523 1051 4567 ut
1078 4514 1302 4586 ploraret
1331 4515 1539 4572 domum
1579 4519 1870 4589 contiguam

287 4600 475 4668 (Μἰεή.
509 4604 558 4656 1.
602 4603 712 4673 ii).
757 4603 814 4659 Si
845 4616 1023 4661 autem
1051 4607 1138 4662 ubi
1182 4608 1322 4664 Deus
1361 4610 1637 4677 irascitur,
1685 4628 1868 4683 repre-

279 4689 464 4744 hendit
491 4707 614 4748 eum
656 4695 746 4772 qui
766 4710 880 4750 non
910 4699 1230 4766 compatitur
1268 4699 1318 4753 ei
1360 4700 1450 4770 qui
1495 4703 1730 4771 punitur,
1763 4719 1866 4779 qua

277 4782 433 4835 venia
472 4781 663 4851 dignus
711 4785 814 4839 erit
847 4786 937 4859 qui
965 4803 1071 4842 non
1111 4789 1361 4846 condolet
1399 4807 1520 4850 Cum
1545 4808 1642 4859 eo,
1670 4797 1758 4865 qui
1812 4794 1866 4852 in

279 4883 554 4952 peccatum
595 4878 1018 4950 prolapsusest?
1045 4880 1231 4951 Neque
1275 4883 1507 4952 mireris,
1538 4886 1582 4940 si
1621 4898 1868 4957 Oporteat

277 4981 378 5030 nos
423 4968 586 5023 simul
629 4969 817 5027 dolere
856 4988 975 5029 cum
1025 4974 1090 5036 iis
1131 4975 1223 5046 qui
1266 4978 1574 5046 puniuntur,
1621 4984 1867 5051 quamvis

278 5059 420 5122 Deus
459 5059 679 5129 puniat;
705 5077 882 5135 neque
919 5064 1061 5124 enim
1095 5066 1237 5126 Deus
1281 5069 1396 5138 ipse
1420 5071 1513 5140 qui
1559 5073 1711 5141 punit
1751 5075 1866 5130 vult

278 5148 380 5237 hoc
422 5149 638 5237 facere:
673 5151 795 5237 on
819 5154 967 5237 ’enim
1000 5156 1260 5221 voluntate
1292 5161 1406 5214 tian
1443 5173 1654 5217 mortem
1688 5181 1866 5234 pecca-

277 5234 400 5287 toris
425 5232 636 5302 (Ezeclt.
664 5236 752 5292 i8.
795 5232 911 5307 ΕΞ),
946 5239 1134 5308 inquit.
1179 5240 1236 5297 Si
1273 5243 1432 5314 igitur
1457 5245 1545 5316 qui
1574 5232 1860 5304 vindictam

274 5324 456 5388 sumit,
489 5342 594 5378 non
618 5327 729 5381 vult
771 5328 1060 5384 vindictam
1090 5346 1334 5399 sumere,
1360 5337 1528 5395 multo
1546 5338 1727 5408 .magis
1763 5356 1863 5396 nos

273 5415 562 5472 condolere
581 5430 793 5488 oportet
819 5423 882 5475 iis
905 5424 997 5492 qui
1015 5425 1303 5492 puniuntur
1319 5443 1351 5492 ;_
1368 5426 1501 5487 forte
1521 5430 1618 5493 hac
1637 5407 1717 5485 via
1738 5433 1858 5490 illos

274 5508 583 5574 eripiamus,
619 5509 753 5564 forte
784 5514 1234 5580 recuperabimus.
1269 5517 1400 5572 Nam
1431 5519 1556 5576 licet
1579 5524 1853 5592 perierint,

277 5602 452 5650 tamen
480 5613 662 5654 curam
689 5619 806 5670 quze
847 5604 1048 5675 reliqua
1076 5617 1154 5661 est
1181 5622 1458 5676 geramus,
1503 5613 1860 5685 lacrymemur

341 5735 364 5808 '_
391 5733 571 5806 sagit,
602 5734 748 5808 ἶΝίκη.
776 5739 1001 5808 timeant)
1023 5740 1128 5808 loca
1150 5746 1514 5808 quasialiehma:
1560 5749 1859 5808 adferuntur,

277 5793 516 5855 εαὶιετίω·
536 5793 619 5847 est
646 5793 780 5849 Amos
801 5802 848 5856 6,
865 5804 920 5860 ,6.
945 5793 1190 5855 secundus
1206 5793 1527 5868 hiemem—it]
1545 5813 1581 5863 ι,

809 386 997 458 quon
1032 379 1449 443 aesomnes
1495 377 1774 439 remum
1805 375 1980 436 vuus
2021 350 2462 438 contemne
2501 378 2636 437 non
2677 376 3012 436 nessem.

3442 369 3548 428 ιη

1973 504 2029 550 et
2057 495 2358 567 ploremus,
2388 511 2494 552 non
2534 494 2820 551 mulierum
2854 492 3050 549 choros
3089 489 3427 557 inducemus,
3456 485 3553 543 seti

1971 589 2336 660 unusquisque
2379 578 2628 659 privatim
2665 586 2807 658 apud
2853 586 3237 656 semetipsum,
3269 597 3374 638 non
3418 595 3552 652 prte-

1970 668 2208 735 sentibus
2240 679 2367 735 illis.
2410 678 2467 734 Si
2493 687 2670 735 autem
2697 677 2879 743 vultis,
2909 676 3026 746 ipse
3069 674 3318 742 incipiam
3345 671 3553 726 luctuo-

1969 768 2242 835 sum_hoc
2282 755 2549 835 canticum
2601 785 2614 821 :
2670 782 2842 837 neque
2884 765 3037 821 'enim
3089 763 3251 834 pudet
3296 776 3384 816 me
3431 775 3552 814 cuzn

1968 858 2200 918 .icremia
2234 858 2335 914 hoc
2357 857 2530 914 facere
2555 868 2608 912 et
2638 857 2773 912 isaia
2793 865 2848 912 et
2872 855 3056 921 Paulo,
3081 864 3136 909 et
3158 853 3209 906 in
3231 851 3414 922 primis
3432 865 3553 903 cum

1975 948 2198 1008 Domino
2240 957 2442 1004 nostro.
2474 946 2797 1017 incipiamus
2843 945 3002 1017 igitur
3039 945 3175 999 sicut
3200 940 3444 997 Christus
3471 939 3555 992 iu-

1969 1037 2110 1108 cepit
2136 1036 2388 1108 primum,
2417 1044 2471 1092 et
2493 1036 2733 1092 dicamus
2759 1050 2774 1088 :
2807 1030 2901 1090 Vas
2927 1031 3276 1099 tibi,'animal
3309 1029 3376 1084 ad
3397 1042 3554 1098 quam

1971 1137 2156 1186 vocata
2185 1128 2493 1199 dignitatem
2516 1143 2613 1198 per
2636 1125 3018 1197 benignitatem
3050 1133 3104 1178 et
3133 1119 3553 1178 misericordiam

1976 1221 2093 1288 Dei,
2121 1220 2335 1291 qualem
2373 1217 2605 1289 accipies
2632 1218 2809 1273 locum
2844 1224 3063 1286 propter
3096 1213 3357 1284 ignaviam
3382 1211 3558 1265 tuam?
3600 1226 3602 1229 τ

1976 1311 2067 1367 Va:
2097 1312 2210 1377 tibi,
2257 1306 2382 1381 quia
2423 1311 2536 1381 ipse
2572 1317 2623 1365 te
2646 1307 2712 1370 ad
2742 1306 3004 1364 thalamos
3046 1304 3206 1359 traxit
3231 1301 3556 1372 spirituales,

1975 1415 2030 1458 tu
2058 1414 2235 1459 autem
2267 1391 2488 1473 teipsam
2517 1400 2587 1455 ab
2606 1400 2707 1454 hac
2735 1397 2902 1471 gloria
2939 1396 3217 1466 abrupisti,
3247 1403 3305 1450 et
3346 1392 3559 1447 inducta

1961 1509 2032 1549 'es
2094 1493 2148 1548 in
2194 1491 2392 1548 diaboli
2439 1487 2644 1562 ignem,
2694 1498 2749 1544 et
2800 1487 2868 1543 sd
2919 1485 3232 1557 gravissima
3300 1480 3559 1552 supplicia

1975 1585 2062 1639 ubi
2108 1581 2264 1639 ﬂetus
2310 1591 2363 1636 et
2391 1580 2590 1638 stridor
2645 1579 2906 1643 dentium,
2957 1578 3047 1632 ubi
3094 1576 3270 1632 nullus
3317 1573 3562 1630 consola-

1978 1686 2131 1732 turus
2173 1683 2286 1739 est,
2337 1688 2438 1729 nec
2481 1687 2697 1728 manum
2757 1679 3134 1740 porrecturus,
3179 1667 3275 1723 sed
3327 1666 3560 1722 tenebrae

1976 1768 2177 1834 omnia,
2199 1775 2252 1822 et
2271 1765 2609 1836 perplexitas,
2647 1773 2701 1818 et
2728 1761 2978 1827 turbatio,
3000 1769 3053 1816 et
3070 1760 3206 1815 mala
3231 1773 3402 1828 neque
3427 1772 3562 1811 con-

1979 1858 2296 1914 solationem
2340 1871 2514 1930 neque
2555 1855 2716 1909 tinem
2759 1853 3027 1907 habentia.
3077 1851 3202 1905 liae
3245 1849 3338 1904 tibi
3387 1851 3563 1903 onittia

1978 1947 2160 2003 mundi
2200 1961 2351 2004 amor
2374 1946 2582 2018 peperit
2600 1986 2615 2012 ,
2642 1944 2765 2015 quia
2793 1940 3072 2014 praatuiisti
3093 1940 3224 1994 caelo
3263 1947 3484 2004 terram,
3513 1947 3565 1993 ct

1979 2040 2200 2096 noluisti
2229 2039 2418 2094 audire
2440 2053 2630 2094 vocem
2652 2035 2836 2108 sponsi
2871 2033 3085 2089 assidue
3104 2033 3473 2095 admonentis,
3511 2040 3566 2084 ut

1980 2131 2115 2188 nihil
2145 2132 2300 2188 nobis
2350 2139 2496 2187 esset
2523 2144 2645 2186 cum
2679 2126 2961 2199 praisentis
2998 2124 3181 2180 saeculi
3231 2123 3395 2178 rebus
3414 2137 3566 2177 com—

1980 2233 2162 2282 mune.
2191 2224 2322 2292 Quis
2344 2233 2396 2279 te
2423 2223 2676 2278 miseram
2707 2227 2762 2277 et
2784 2219 3152 2274 calamitosam
3193 2216 3435 2270 miserari
3475 2231 3562 2284 po-

1981 2326 2091 2376 test
2105 2317 2327 2389 posteal
2356 2315 2489 2372 Nam
2519 2315 2619 2370 etsi
2641 2315 2817 2384 ipsum
2847 2309 3030 2366 videas
3054 2309 3190 2374 Noe,
3222 2308 3314 2378 qui
3347 2307 3398 2362 in
3421 2321 3566 2360 com-

1980 2412 2126 2468 muni
2151 2411 2313 2467 totius
2341 2411 2488 2465 orbis
2516 2407 2719 2464 diluvio
2753 2413 2917 2459 totam
2962 2403 3180 2470 domum
3215 2399 3476 2466 s'alvavit,
3509 2400 3568 2454 in

1981 2508 2083 2563 hac
2112 2506 2189 2561 ira
2215 2505 2664 2576 patrocinantem,
2690 2501 2790 2556 etsi
2820 2498 2940 2564 Job,
2972 2496 3073 2552 etsi
3104 2496 3398 2580 Danielcm,
3420 2511 3570 2554 cum~

1978 2615 2083 2670 que
2129 2597 2237 2653 illis
2289 2593 2488 2653 Mosem
2539 2607 2594 2652 et
2634 2593 2939 2661 Samuelem
2969 2637 2985 2662 ,
3040 2588 3143 2650 etsi
3214 2588 3569 2662 patriarcbam

1983 2691 2255 2746 Abraham
2279 2732 2294 2756 ,
2324 2691 2498 2745 nullus
2526 2690 2620 2745 tibi
2665 2703 2883 2745 manum
2913 2687 3189 2759 porriget;
3226 2685 3434 2740 etiamsi
3475 2697 3569 2754 ge-

1984 2796 2114 2837 nere
2141 2780 2289 2836 iiium
2325 2781 2582 2850 attingas,
2613 2778 2826 2834 etiamsi
2874 2777 2982 2832 [ilia
3020 2777 3114 2843 sis,
3143 2775 3356 2832 etiamsi
3389 2788 3569 2838 soror,

1981 2873 2192 2928 etiamsi
2240 2872 2509 2942 supplices
2549 2872 2811 2936 multum,
2854 2870 2996 2925 sicut
3030 2868 3183 2922 dives
3235 2867 3341 2930 ille,
3389 2865 3570 2920 omnia

1981 2961 2182 3021 frustra
2205 2962 2329 3020 etin
2351 2977 2544 3019 vanum
2570 2959 2754 3017 facies.
2776 2959 3059 3028 Quomodo
3080 2957 3325 3013 excidisti
3352 2972 3383 3012 e
3411 2956 3569 3022 calo,

1980 3073 2100 3134 qua:
2125 3072 2231 3112 non
2263 3057 2452 3113 lucifer
2477 3072 2534 3112 es
2560 3054 2711 3124 (isai.
2732 3055 2815 3112 it.
2841 3055 2954 3126 i2),
2983 3067 3156 3124 ncqtte
3183 3066 3339 3106 mane
3365 3050 3570 3117 oriens,

1980 3149 2076 3204 sed
2106 3149 2234 3223 ipsis
2272 3149 2403 3203 solis
2425 3147 2590 3206 radiis
2622 3146 2740 3215 plus
2778 3145 3063 3216 splendere
3104 3141 3408 3215 potuisses?
3436 3157 3571 3210 quo-

1982 3239 2144 3297 modo
2183 3239 2341 3296 sedes
2375 3238 2630 3297 deserta?
2659 3237 2834 3308 Atque
2859 3237 2996 3291 adeo
3036 3235 3180 3290 haud
3198 3235 3320 3306 quis
3349 3233 3569 3288 aberra-

1979 3333 2081 3399 rit,
2096 3331 2142 3386 si
2169 3332 2220 3386 in
2249 3332 2386 3388 banc
2413 3330 2602 3401 majori
2628 3330 2916 3400 captivitati
2943 3328 3189 3384 traditam
3229 3328 3458 3383 animam
3487 3327 3538 3382 ia
3559 3357 3571 3367 -

1983 3433 2306 3490 mentorum,
2334 3438 2452 3493 qum
2489 3423 2545 3477 in
2584 3422 2852 3476 civitatem
2896 3420 3040 3474 illam
3085 3418 3224 3474 dicta
3255 3426 3397 3483 sunt,
3457 3433 3569 3472 ma-

1975 3517 2150 3587 jorem
2177 3526 2382 3586 partem
2411 3514 2714 3570 transferat.

2050 3609 2103 3665 3.
2143 3607 2248 3665 Sed
2293 3606 2430 3662 forte
2456 3607 2806 3662 lamentorum
2834 3605 2984 3671 satis,
3017 3605 3167 3669 satis,
3218 3604 3468 3675 inquam,
3505 3613 3565 3658 ut

1979 3699 2238 3768 scriptura
2285 3697 2596 3769 libellusque
2638 3696 2780 3754 ferre
2814 3704 3036 3766 potest:
3069 3694 3302 3766 alioquin
3332 3693 3408 3751 ad.
3436 3708 3572 3752 cou-

1983 3788 2199 3860 dignam
2221 3789 2412 3844 animae
2437 3797 2514 3843 tot
2535 3787 2688 3843 malis
2713 3802 2985 3857 oppressae
3012 3785 3433 3861 deplorationem
3471 3800 3569 3845 ne-

1981 3894 2086 3950 que
2111 3893 2271 3935 omne
2295 3887 2506 3948 tempus
2530 3877 2686 3950 nobis
2703 3878 2991 3932 sufficeret.
3018 3876 3316 3943 Quidenim
3339 3877 3460 3946 quis
3477 3877 3565 3937 dc-

1982 3969 2217 4038 pioraret
2250 3967 2527 4039 primum?
2551 3984 2619 4023 an
2646 3968 2788 4038 quod
2819 3967 3125 4023 venerabile
3163 3977 3218 4022 et
3242 3977 3484 4022 sanctum
3503 3967 3573 4022 et

1983 4075 2231 4132 magnum
2270 4075 2466 4115 nomen
2495 4060 2587 4114 Dei
2616 4075 2711 4131 per
2751 4075 2855 4114 vos
2882 4058 3284 4135 blasphematur
3311 4059 3362 4112 in
3393 4059 3571 4135 genti-

1981 4155 2102 4223 bus,
2130 4164 2186 4212 et
2211 4156 2379 4226 ipsius
2405 4155 2578 4226 gloria
2619 4154 2966 4224 profanatur?
2991 4152 3225 4223 anquod
3249 4161 3371 4215 tam
3405 4167 3570 4208 vene-

1981 4248 2164 4304 rabilis
2193 4255 2250 4305 et
2275 4262 2464 4318 magna
2491 4262 2580 4304 res
2609 4248 2664 4304 in
2690 4247 2940 4307 invidiam
2981 4245 3297 4302 adducitur?
3325 4261 3391 4299 an
3429 4246 3570 4314 qqu

1981 4340 2163 4395 multae
2208 4341 2400 4394 animte
2443 4354 2540 4409 per
2581 4353 2677 4392 vos
2705 4346 2782 4393 tot
2821 4336 3088 4392 scandalis'
3123 4335 3457 4407 perdunturl
3491 4339 3572 4390 ’an

1979 4430 2123 4501 quod
2149 4445 2275 4485 sana
2305 4444 2428 4499 pars
2453 4430 2604 4484 chori
2640 4437 2832 4484 vestra:
2860 4428 3044 4498 gloriae
3070 4427 3276 4482 macula
3299 4425 3570 4486 foedatur?

1977 4537 2045 4576 an
2098 4521 2240 4597 quod
2270 4520 2755 4590 inexstiuguibilem
2792 4528 2847 4574 et
2875 4519 3023 4574 vobis
3066 4527 3122 4573 et
3146 4518 3575 4573 cobabitantibus

1980 4614 2129 4670 vobis
2156 4614 2450 4675 accenditis
2472 4615 2680 4684 ignem?
2702 4613 2772 4667 Et
2791 4611 3060 4684 quomodo
3083 4612 3444 4666 necessarium
3464 4621 3568 4673 est,

1979 4712 2039 4760 ut
2062 4705 2175 4760 haec
2202 4705 2350 4770 flant,
2395 4705 2586 4776 inquit,
2621 4718 2741 4759 cum
2771 4703 3038 4773 possimus
3063 4701 3350 4757 ostendere
3378 4717 3574 4772 corpus

1979 4807 2220 4852 nostrum
2242 4811 2347 4850 non
2375 4803 2704 4866 corruptum,
2731 4810 2906 4866 neque
2925 4795 3164 4852 vitiatum
3186 4794 3211 4848 ‘i
3243 4794 3434 4850 Verum
3457 4793 3574 4850 haec

1978 4887 2367 4949 demonstratio
2410 4903 2517 4946 non
2547 4901 2709 4953 nunc,
2740 4886 2836 4941 sed
2872 4887 2926 4941 in
2952 4886 3040 4941 die
3071 4885 3294 4943 illo.erit
3338 4883 3594 4949 mauiies

1979 4988 2080 5034 sta.
2107 4978 2424 5034 Obstetricis
2450 4979 2592 5034 enim
2631 4991 2721 5032 ars
2745 4986 2802 5033 et
2838 4977 3104 5047 sapientia
3129 4977 3241 5032 hoc
3272 4975 3445 5034 solum
3477 4990 3573 5045 po.

1979 5080 2083 5126 test
2123 5071 2327 5136 videre,
2350 5086 2452 5134 an.
2486 5084 2834 5139 congressum
2873 5068 2973 5126 viri
3014 5082 3206 5136 corpus
3239 5063 3456 5124 tulerit:
3503 5079 3571 5118 an

1978 5179 2106 5222 vero
2137 5173 2333 5225 tactum
2361 5164 2722 5228 inhonestum,
2758 5172 2813 5218 et
2838 5161 3159 5216 adulterium
3187 5176 3254 5216 ex
3280 5161 3476 5216 osculis
3519 5169 3576 5217 et

1977 5256 2308 5327 amplexibus
2336 5255 2606 5328 effugerit,
2633 5265 2687 5312 et
2710 5255 3127 5326 corruptionem,
3160 5254 3275 5310 dies
3315 5253 3401 5307 illa
3448 5261 3573 5308 tunc

1977 5350 2291 5416 declarabit,
2319 5349 2535 5422 quando
2561 5351 2712 5404 vivus
2748 5348 3073 5412 Deisermo,
3105 5347 3194 5418 qui
3225 5346 3432 5401 occulta
3465 5346 3566 5400 hol-

1977 5440 2133 5495 minis
2173 5439 2225 5494 in
2273 5436 2504 5496 medium
2532 5440 2790 5504 adducit.
2824 5449 3144 5514 etprtcsens
3174 5455 3317 5494 nunc
3343 5436 3425 5492 his
3451 5453 3570 5508 qua;

1975 5533 2110 5587 clam
2136 5533 2286 5594 ﬁunt.
2310 5534 2492 5587 omnia
2520 5532 2741 5604 nudaet
2766 5541 2949 5601 aperta
2973 5542 3095 5588 ante
3121 5534 3359 5587 omnium
3380 5532 3569 5586 oculos

1975 5631 2138 5691 ponet
2167 5641 2180 5678 :
2213 5633 2338 5677 tunc
2367 5624 2600 5682 sciemus
2622 5624 2759 5679 bene
2787 5638 2854 5678 an
2877 5623 2944 5678 ab
2971 5613 3054 5677 his
3079 5623 3149 5678 sit
3180 5638 3369 5692 purum
3393 5632 3447 5678 et
3468 5639 3565 5677 un-

1971 5717 2249 5794 dequaque
2276 5718 2641 5788 incorruptum
2662 5731 2858 5790 corpus
2873 5725 3053 5773 tuum.
3074 5715 3236 5787 Atqui
3259 5715 3327 5771 de
3356 5717 3436 5771 his
3459 5732 3565 5772 non

1971 5819 2079 5863 tam
2130 5819 2322 5866 exacte
2353 5810 2651 5877 loquemur,
2680 5823 2855 5878 neque
2881 5807 3307 5866 contendcm‘us:
3337 5806 3434 5863 sed
3465 5823 3564 5878 po-
