4264 6312
743 388 846 443 εεο

745 517 925 567 natur,
959 502 1225 572 superatis
1269 499 1515 554 omnibus
1545 496 1747 553 retibus
1771 510 1891 552 esse
1920 506 2113 565 corpus
2157 489 2322 545 unde—

743 611 950 665 quaquc
970 609 1159 666 purum
1184 591 1253 647 ab
1273 592 1524 660 omnique
1548 591 1745 644 damno
1770 589 2015 652 liberum,
2040 594 2095 641 et
2119 591 2332 655 maneat

746 688 891 753 virgo
915 700 1032 754 qua:
1053 684 1236 753 virgo:
1264 681 1392 751 quid
1415 681 1516 734 hoc
1537 678 1603 734 ad
1627 693 1690 734 ea
1718 691 1837 748 qua:
1862 676 2003 731 dicta
2032 684 2155 730 sunt
2182 687 2212 728 a
2234 686 2328 727 no-

744 776 860 829 bis?
893 774 1099 829 Etenim
1133 773 1233 828 hoc
1275 772 1511 827 omnium
1542 768 1915 840 gravissimum
1958 774 2063 832 est,
2092 775 2143 822 et
2168 765 2329 835 pluri-

742 867 846 922 mis
872 865 1088 934 dignum
1109 863 1379 935 lacrymis,
1403 860 1545 931 quod
1575 869 1779 914 tantum
1802 857 2151 928 undequaque
2172 856 2329 911 susti-

745 957 922 1010 nuerit
942 955 1199 1017 laborem,
1230 952 1516 1021 diligenter
1550 949 1847 1005 observarit
1870 963 2085 1018 corpus,
2118 955 2172 1001 et
2210 962 2327 999 om-

744 1062 869 1103 nem
922 1047 1157 1100 laborem
1210 1043 1587 1109 evacuaverit,
1646 1050 1701 1097 et
1748 1040 1996 1096 sudorem
2053 1038 2328 1103 effuderit,

748 1146 966 1207 propter
994 1134 1380 1203 blasphemiam
1413 1134 1465 1186 in
1493 1132 1782 1199 Christum,
1810 1144 2036 1200 cumque
2075 1142 2327 1199 peperce-

746 1227 818 1282 rit
843 1226 1010 1290 carni,
1047 1240 1151 1280 non
1184 1224 1420 1294 pepercit
1448 1223 1631 1292 gloria:
1676 1222 1791 1288 Dei,
1832 1221 1929 1276 sed
1977 1230 2033 1274 ut
2075 1220 2329 1274 intactum

752 1318 850 1387 ipsi
878 1326 1118 1371 maneret
1148 1330 1343 1384 corpus
1380 1314 1557 1367 omnia
1602 1310 1770 1377 fecit;
1800 1318 1860 1366 ut
1886 1318 2064 1366 autem
2105 1301 2211 1363 ille'
2226 1323 2330 1362 non

748 1407 1056 1463 afﬁceretur
1080 1405 1423 1471 contumelia,
1454 1420 1553 1460 nec
1573 1403 2015 1458 dehonestaretur
2034 1400 2173 1471 apud
2194 1401 2330 1455 mul-

749 1509 853 1565 tos,
887 1514 954 1553 ne
984 1496 1380 1567 ullam'quidem
1412 1511 1593 1550 curam
1622 1494 1819 1550 habuit.
1846 1493 2057 1550 Utinam
2085 1508 2192 1547 non
2214 1508 2332 1547 om-

747 1591 837 1645 nia
885 1588 1123 1652 fecisset,
1158 1603 1257 1643 nec
1296 1602 1513 1656 operam
1542 1585 1799 1653 dedisset,
1848 1596 1903 1639 ut
1930 1571 2093 1654 gloria
2128 1584 2221 1639 Dei
2249 1584 2330 1637 iu-

750 1682 1063 1735 fumaretur.
1093 1679 1159 1734 Et
1180 1679 1446 1750 quomodo
1474 1679 1576 1733 hoc
1600 1677 1773 1732 facio?
1802 1678 1993 1746 inquit.
2020 1676 2152 1745 Quia
2192 1677 2335 1731 viros

748 1783 925 1829 tecum
955 1773 1006 1826 in
1037 1772 1197 1826 domo
1218 1770 1454 1827 inclusos
1481 1785 1693 1841 semper
1715 1769 1805 1825 tibi
1827 1770 2123 1824 assidentes
2149 1770 2330 1825 habes.

748 1864 880 1918 Nam
912 1864 955 1917 si
986 1863 1132 1917 riros
1154 1862 1357 1917 habere
1385 1862 1778 1918 cohabitatores
1823 1862 2178 1931 concupiscis,
2228 1876 2335 1916 non

748 1954 1028 2024 oportebat
1065 1954 1419 2025 virginitatem
1446 1953 1660 2023 eligere,
1692 1952 1785 2007 sed
1812 1952 1878 2007 ad
1910 1953 2116 2022 nuptias
2167 1962 2335 2008 trans-

750 2046 983 2101 cundum
1011 2055 1119 2101 erat
1154 2063 1165 2097 ε
1201 2046 1367 2099 multo
1394 2046 1537 2099 enim
1566 2044 1756 2099 melius
1784 2045 1862 2099 sic
1887 2044 2156 2114 nupsisse,
2177 2057 2334 2114 quam

751 2137 841 2190 illo
871 2136 1031 2190 modo
1061 2136 1317 2204 virginem
1349 2134 1585 2203 profiteri
1615 2134 1816 2188 fuisset.

824 2225 1034 2295 anliw
1053 2226 1380 2294 prwferendw
1404 2225 1678 2295 virginitati
1701 2226 1831 2279 male
1848 2225 2337 2283 Custodum—Nam

752 2316 871 2369 illas
899 2315 1107 2383 nuptias
1152 2330 1323 2385 neque
1351 2314 1490 2369 Deus
1516 2314 1856 2382 condemnat,
1883 2332 2054 2386 neque
2094 2317 2337 2373 homines

752 2405 1149 2476 reprehendunt
1175 2423 1188 2459 :
1220 2405 1444 2460 honesta
1469 2408 1610 2460 enim
1638 2421 1724 2462 res
1746 2416 1847 2473 est,
1871 2409 2143 2465 neminem
2166 2409 2338 2465 offen-

751 2498 929 2564 dens,
956 2498 1224 2552 neminem
1277 2497 1474 2552 laidens
1518 2516 1531 2552 :
1567 2498 1838 2569 virginitas
1868 2510 2042 2554 autem
2087 2501 2173 2556 illa
2216 2516 2337 2556 cum

753 2590 880 2641 viris
902 2590 1021 2658 plus
1048 2588 1115 2642 ab
1138 2588 1388 2641 omnibus
1416 2589 1676 2657 arguitur,
1707 2606 1866 2659 quam
1896 2590 2177 2646 fornicatio
2200 2593 2334 2660 ipsa.

755 2680 995 2749 Namque
1024 2696 1176 2733 suum
1209 2678 1383 2751 perdit
1406 2681 1671 2747 ordinem,
1694 2691 1747 2737 et
1772 2683 1823 2737 in
1849 2683 2160 2752 profundius
2180 2699 2337 2754 quam

754 2773 825 2826 sit
855 2771 1222 2826 fornicationis
1252 2770 1562 2825 barathrum
1594 2773 1760 2842 ejecta
1791 2784 1894 2831 est.
1925 2773 2042 2828 Non
2072 2775 2215 2828 enim
2241 2774 2341 2829 ali-

756 2864 874 2933 quis
920 2862 1053 2917 feret
1094 2877 1217 2915 cum
1267 2861 1558 2930 virginibus
1595 2864 1865 2919 numerari
1914 2880 2032 2917 eam
2081 2880 2198 2934 quae
2234 2881 2338 2920 non

756 2963 908 3010 curat
934 2970 1050 3024 qua:
1095 2961 1221 3007 sunt
1247 2952 1474 3018 Domini,
1516 2961 1574 3007 et
1601 2955 1797 3009 multos
1826 2954 2002 3009 reddit
2044 2956 2337 3022 adulteros,

756 3066 928 3118 neque
958 3063 1078 3102 cum
1123 3053 1316 3118 nuptis.
1355 3052 1442 3107 Illa
1473 3052 1616 3108 enim
1643 3065 1824 3103 curam
1854 3048 2032 3115 habet,
2073 3049 2341 3117 quomodo

760 3142 964 3208 placeat
992 3143 1104 3195 viro
1149 3144 1275 3198 uni:
1309 3154 1361 3197 tu
1404 3152 1577 3197 autem
1612 3149 1668 3196 ut
1709 3142 2022 3206 innumeris,
2068 3150 2120 3193 et
2165 3140 2227 3194 iis
2253 3142 2339 3210 qui

758 3246 862 3283 non
890 3231 1003 3300 lege
1028 3232 1259 3302 cenjugii
1284 3234 1414 3297 noti,
1442 3233 1535 3288 sed
1560 3233 1669 3286 alio
1694 3233 1921 3300 quodam
1951 3229 2109 3284 modo
2131 3229 2200 3284 ab
2227 3246 2340 3283 om-

760 3323 912 3376 nibus
935 3324 1289 3379 condemnato
1316 3334 1367 3379 et
1394 3320 1590 3395 rejecto
1612 3344 1623 3378 :
1648 3324 1788 3379 unde
1811 3339 1999 3379 vereor
2021 3338 2086 3378 ne
2108 3322 2174 3376 ab
2198 3334 2341 3377 utro-

758 3429 860 3481 que
886 3414 1001 3466 loco
1023 3415 1272 3469 excideris
1297 3416 1346 3468 in
1372 3416 1650 3469 mulierum
1676 3415 2074 3469 inhonestarum
2099 3414 2341 3468 ordinem

762 3502 969 3555 redacta
1002 3503 1247 3557 videaris.
1295 3503 1500 3557 Etenim
1533 3503 1600 3556 ab
1626 3503 1980 3572 appellatione
2008 3502 2119 3571 ipsa
2152 3503 2195 3556 si
2224 3503 2342 3571 quis

760 3609 868 3645 rem
892 3594 1179 3662 dijudicare
1204 3597 1345 3660 velit,
1381 3596 1477 3663 ipsi
1510 3597 1874 3650 contradicere
1904 3594 2031 3649 nihil
2056 3596 2339 3663 possimus.

760 3685 888 3737 Nam
914 3686 953 3737 si
988 3687 1198 3754 quando
1222 3688 1271 3739 in
1304 3688 1473 3740 forum
1499 3702 1555 3741 se
1582 3688 1878 3753 conferant,
1904 3686 1988 3741 vel
2012 3686 2141 3741 alias
2164 3702 2343 3741 sermo

759 3775 901 3827 domi
933 3777 996 3830 de
1027 3776 1153 3846 ipsis
1185 3778 1252 3830 sit
1284 3777 1420 3846 apud
1464 3793 1577 3841 eos,
1607 3775 1694 3847 qui
1723 3779 1993 3846 disputant
2022 3777 2087 3831 de
2113 3777 2340 3831 absurda

760 3868 1061 3935 hujusmodi
1112 3870 1487 3936 copulatione,
1537 3870 1835 3937 signiﬁcare
1884 3870 2123 3923 volentes
2174 3869 2336 3933 illam,

762 3958 916 4025 hujus
948 3968 1155 4022 voeant,
1192 3974 1294 4011 non
1331 3970 1578 4023 matrem,
1628 3974 1805 4028 neque
1830 3959 1970 4013 enim
2002 3958 2146 4012 illum
2178 3974 2341 4028 pepe-

761 4052 826 4102 rit
853 4066 864 4112 ;
902 4065 1071 4118 neque
1103 4064 1364 4111 sormem,
1400 4064 1505 4103 non
1534 4050 1671 4103 enim
1702 4065 1766 4103 ex
1807 4049 1996 4104 eodem
2026 4058 2176 4103 utero
2220 4064 2343 4118 pro-

760 4153 914 4209 gnata
944 4151 1059 4204 est;
1116 4156 1286 4210 neque
1317 4141 1619 4211 conjugem,
1664 4156 1768 4195 non
1796 4142 1936 4195 enim
1970 4142 2083 4211 lege
2111 4142 2343 4212 conjugii

761 4232 1098 4296 cohabitant;
1134 4248 1303 4301 neque
1333 4231 1438 4284 alio
1465 4232 1715 4301 quopiam
1742 4234 2073 4300 cognationis
2104 4235 2339 4302 nomine,

762 4320 901 4389 quod
939 4336 1256 4374 concessum
1299 4321 1377 4373 vel
1410 4321 1526 4389 lege
1569 4320 1886 4388 permissmn
1935 4321 2023 4383 sit,
2070 4321 2166 4375 sed
2205 4325 2344 4391 turpi

763 4412 989 4480 quodam
1036 4427 1096 4465 ac
1140 4412 1381 4465 ridiculo.
1429 4411 1546 4464 Non
1573 4411 1715 4465 enim
1744 4426 1842 4479 ego
1870 4411 2083 4481 quidem
2134 4414 2344 4468 tulerim

764 4506 933 4572 ipsum
966 4505 1241 4557 nominare
1269 4522 1282 4556 :
1313 4505 1388 4557 sic
1426 4517 1640 4557 exesam
1672 4502 1841 4557 habeo
1872 4514 1925 4558 et
1952 4520 2173 4559 aversor
2209 4506 2346 4561 hanc

764 4595 1193 4662 appellationem,
1244 4605 1296 4648 et
1340 4595 1616 4647 molestum
1667 4592 1795 4645 mihi
1826 4602 1907 4647 cst
1946 4595 2107 4649 etiam
2151 4612 2345 4652 nomen

767 4687 1123 4740 contubernii.
1159 4685 1261 4739 Sed
1305 4699 1408 4739 non
1436 4683 1717 4754 peperisti,
1750 4698 1847 4738 nec
1892 4684 2125 4740 tolerastt
2169 4696 2349 4756 partus

768 4777 1001 4830 dolores.
1058 4778 1120 4829 lit
1148 4776 1273 4846 quid
1306 4776 1404 4829 hac
1432 4773 1739 4829 defensione
1770 4771 2007 4830 fmdius?
2051 4778 2178 4846 quid
2223 4778 2346 4833 item

769 4870 1015 4924 miserius
1055 4884 1213 4939 quam
1242 4869 1380 4939 quod
1430 4868 1496 4922 ab
1524 4868 1602 4922 iis
1646 4866 1755 4920 vult
1784 4881 2043 4938 apparere
2072 4870 2241 4940 virgo,
2282 4870 2347 4924 ad

766 4980 882 5032 qua:
932 4971 984 5017 ct
1036 4963 1214 5040 multm
1259 4973 1312 5016 et
1358 4961 1721 5018 furnicatrices
1766 4962 2017 5016 mulieres
2060 4961 2348 5031 confugere

770 5056 1030 5122 possunt?
1061 5054 1163 5109 Sed
1204 5054 1327 5118 illae,
1377 5054 1563 5123 inquit,
1614 5054 1827 5108 aliunde
1870 5061 2163 5123 arguuntur
2207 5053 2347 5123 quod

771 5149 973 5202 libidini
1013 5157 1220 5203 vacent.
1254 5147 1407 5203 Unde
1436 5148 1645 5201 aliunde
1676 5147 1760 5200 dic
1789 5147 1916 5201 mihi
1934 5146 1956 5200 '?
1986 5149 2039 5199 Α
2068 5147 2285 5210 vestitu,
2320 5161 2346 5199 a

770 5245 903 5305 visu,
954 5259 982 5296 a
1032 5257 1238 5311 gressu,
1291 5240 1357 5294 ab
1402 5239 1728 5293 amatoribus
1764 5254 1896 5306 quos
1923 5237 2157 5306 capiunt.
2206 5237 2349 5291 Bene

770 5336 982 5404 quidem
1010 5336 1162 5389 nobis
1188 5332 1471 5404 depinxisti
1500 5332 1661 5385 scorti
1684 5330 2049 5385 characterem
2073 5346 2085 5394 ;
2116 5328 2209 5383 sed
2231 5329 2352 5383 vide

773 5444 839 5480 ne
889 5427 970 5481 his
1023 5425 1344 5495 conjecturis
1391 5434 1444 5476 ct
1489 5421 1836 5491 argumentis,
1881 5429 2167 5490 antequam
2213 5420 2345 5485 illas,

774 5519 997 5585 toipsam
1028 5519 1227 5585 capias.
1256 5516 1458 5569 Etenim
1491 5526 1543 5568 et
1567 5523 1619 5567 tu
1649 5512 1741 5567 tibi
1773 5512 1868 5580 ipsi
1897 5514 2029 5566 tales
2057 5527 2199 5580 saepe
2228 5527 2354 5579 pne-

777 5625 929 5675 parns
957 5619 1244 5669 amatores,
1275 5616 1431 5675 atque
1462 5619 1553 5673 per
1578 5603 1762 5658 eadem
1792 5603 1943 5657 retia.
1974 5601 2125 5668 Quod
2162 5600 2209 5654 si
2250 5616 2352 5653 non

780 5716 933 5751 voras
964 5701 1011 5752 in
1033 5699 1356 5752 domicilium
1381 5703 1782 5765 prtum-euntes,
1803 5702 1858 5746 et
1884 5692 2046 5746 babes
2069 5692 2203 5744 intra
2227 5706 2357 5744 eor;-

782 5793 953 5844 cinsos
988 5807 1216 5858 aeniper,
1249 5787 1388 5856 quod
1418 5788 1580 5840 multo
1620 5785 1850 5855 gravius,
1882 5785 1949 5839 ob
1978 5781 2109 5837 nihil
2136 5781 2347 5851 quidem

1445 380 1505 435 S.
1543 378 1822 435 JOANNIS
1858 374 2332 432 CHRYSOSTOMI
2372 368 2686 443 Αιωηιεῐι.
2729 372 3263 433 CONSTANTINOP.

3915 373 4027 431 520

2440 485 2603 551 aliud,
2635 501 2793 558 quam
2834 498 2892 541 ut
2917 487 3203 559 absurdam
3229 489 3560 558 voluptatem
3591 487 3835 559 impleas,
3866 499 3923 544 ct
3950 486 4021 542 il-

2439 578 2540 631 lius
2566 585 2622 633 et
2644 586 2811 647 tuam,
2841 593 2947 632 non
2973 592 3320 651 congressum
3350 562 3585 649 inquam.
3613 578 3727 651 Sed
3742 578 3871 649 quid
3892 578 4024 633 inde

2428 667 2595 734 lucri,
2638 667 3069 739 quandoquidem
3100 672 3297 745 mutuis
3320 670 3626 741 aspectibus
3655 670 3795 726 istud
3828 671 4021 743 ipsum

2436 758 2731 828 contingit?
2757 758 2971 828 Alioqui
3000 760 3044 814 si
3076 759 3179 816 boc
3206 774 3313 815 non
3352 769 3455 826 est,
3489 776 3662 830 neque
3699 760 4021 815 adulterium

2437 848 2578 906 istud
2606 849 2959 916 committitis,
3006 864 3173 921 quare
3209 850 3383 921 ipsum
3427 847 3593 905 habes
3628 849 3814 910 domi?
3860 865 4023 919 quam

2436 954 2654 996 causam
2702 940 2902 1015 justam
2949 953 3005 997 et
3032 941 3404 997 rationabilem
3449 942 3604 996 nobis
3632 940 3819 997 dices?
3847 936 4019 1010 Nupta

2436 1032 2580 1087 enim
2621 1033 2833 1102 nuptias
2876 1032 3051 1100 dicet,
3102 1043 3338 1091 scortum
3380 1033 3691 1109 libidinem;
3736 1044 3792 1088 tu
3842 1044 4023 1088 autem

2437 1124 2588 1194 virgo
2631 1124 2844 1193 qualem
2888 1124 3046 1181 nobis
3086 1140 3301 1180 causam
3346 1126 3593 1191 narrabis
3635 1126 3853 1197 dignam
3902 1141 4024 1194 qua:

2439 1215 2744 1284 proferatur
2764 1224 2819 1270 et
2838 1214 3036 1286 justam
3049 1215 3077 1271 ?
3432 1200 3435 1203 I
3647 1216 3651 1221 ’

2510 1310 2563 1365 4.
2607 1311 2676 1365 At
2703 1326 2799 1365 cur
2817 1311 3032 1367 curiose
3060 1309 3284 1381 inquiris
3304 1352 3318 1378 ,
3345 1311 3519 1378 inquit
3538 1352 3552 1376 ,
3583 1326 3703 1366 cum
3736 1326 3843 1365 non
3864 1311 4025 1365 simul

2439 1402 2743 1467 dormiant,
2797 1418 2969 1472 neque
3018 1402 3305 1458 nobiscum
3340 1403 3773 1473 congrediantur,
3826 1413 3883 1456 ut
3920 1403 4027 1456 illis

2441 1492 2755 1548 mulieribus
2811 1493 2921 1548 illi?
2951 1490 3061 1547 Iino
3090 1491 3194 1547 hoc
3234 1493 3566 1562 potissimum
3597 1492 3832 1562 plerique
3880 1491 4027 1545 afﬁr-

2442 1595 2608 1639 mant.
2644 1584 2841 1640 Verum
2895 1585 3023 1654 quid
3062 1584 3204 1641 hoc?
3256 1584 3461 1653 inquit:
3512 1593 3702 1640 contra
3746 1600 3902 1641 suum
3951 1585 4026 1639 illi

2440 1689 2619 1746 caput.
2646 1678 2726 1730 An
2756 1691 2883 1732 vero
2913 1686 3099 1731 contra
3149 1690 3303 1730 suum
3356 1684 3560 1730 tantum
3604 1684 3765 1745 caput
3815 1675 4023 1741 dicant,

2441 1777 2622 1836 postea
2648 1767 2996 1837 inquiremus.
3029 1767 3095 1821 Et
3117 1767 3227 1836 jam
3262 1766 3476 1835 quidem
3503 1764 3786 1821 manifeste
3806 1765 4029 1820 demou-

2442 1865 2665 1911 stratum
2713 1866 2829 1923 est,
2885 1872 3005 1912 cum
3056 1857 3122 1913 de
3170 1859 3298 1912 viris
3336 1857 3671 1917 diceremus.
3722 1857 3863 1928 quod
3922 1873 4030 1909 non

2443 1948 2616 2003 solum
2645 1948 2733 2017 qui
2778 1947 3136 2013 maledicunt,
3167 1947 3261 2003 sed
3282 1949 3441 2018 etqui
3464 1948 3776 2003 occasiones
3829 1960 4032 2002 temere

2442 2040 2685 2109 praebent
2729 2039 2781 2093 in
2833 2053 2991 2095 causa
3039 2055 3157 2110 qua:
3210 2040 3399 2109 agitur,
3448 2040 3525 2094 rei
3564 2049 3692 2094 sunt
3741 2040 4028 2108 supplicii:

2445 2139 2810 2184 verumtamen
2852 2129 2953 2185 hoc
2976 2129 3148 2200 ipsum
3181 2129 3356 2185 denuo
3381 2129 3889 2186 demonstrabimus.
3913 2130 4032 2183 Jatn

2442 2232 2619 2276 autem
2647 2221 2690 2275 si
2715 2228 2765 2274 te
2795 2236 3052 2291 rogavero
3072 2236 3285 2275 causam
3313 2219 3469 2291 hujus
3498 2220 3870 2285 contubernii,
3903 2236 4030 2274 num

2443 2309 2676 2379 aliquam
2699 2308 2881 2364 dicere
2910 2308 3101 2379 potes?
3128 2308 3340 2364 lnﬁrma
3366 2324 3482 2363 sum
3502 2349 3520 2375 ,
3566 2309 3776 2378 inquit,
3818 2310 4030 2374 mulier,

2446 2415 2616 2468 neque
2641 2400 2751 2454 sola
2773 2399 2925 2455 valeo
2950 2413 3071 2455 meo
3118 2401 3237 2454 usui
3264 2399 3527 2455 sufﬁcere.
3576 2400 3865 2455 Enimvero
3910 2414 4035 2455 cum

2447 2492 2561 2546 hate
2584 2490 3036 2545 cohabitatoribus
3063 2491 3255 2545 vestris
3279 2490 3556 2559 objicimus
3574 2533 3589 2557 ,
3620 2492 3687 2545 ab
3708 2491 3787 2544 eis
3812 2501 4031 2545 contra-

2445 2583 2520 2637 ria
2552 2582 2797 2636 audimus
2823 2622 2838 2648 ,
2865 2597 3058 2651 nempe
3077 2582 3217 2651 quod
3250 2590 3468 2651 propter
3488 2596 3642 2635 suum
3674 2582 4037 2637 ministerium

2446 2687 2542 2726 vos
2571 2681 2804 2727 teneant.
2827 2672 3103 2739 Quomodo
3124 2672 3282 2742 igitur
3311 2688 3428 2742 quae
3460 2688 3538 2726 ex
3565 2672 3855 2727 abundanti
3908 2674 4039 2727 viris

2445 2764 2606 2819 etiam
2632 2764 2824 2818 Solatio
2852 2779 2971 2818 esse
3012 2764 3267 2832 potestis,
3297 2764 3445 2817 vobis
3498 2764 3809 2817 mulieribus
3857 2764 4035 2817 subsi-

2446 2853 2536 2908 dio
2574 2868 2694 2907 esse
2736 2868 2841 2906 non
2868 2854 3117 2922 potestis,
3143 2853 3236 2907 sed
3268 2853 3384 2906 aliis
3411 2851 3694 2922 indigetis?
3715 2851 3845 2906 Nam
3898 2852 4037 2907 sicut

2450 2945 2529 2998 vir
2547 2944 2660 2997 viro
2681 2985 2695 3011 ,
2718 2944 2788 2997 ita
2819 2944 3006 2997 mulier
3030 2944 3239 2997 mulieri
3266 2944 3597 2998 commodius
3626 2952 3680 2998 et
3706 2944 3907 2998 rectius
3936 2945 4037 2996 uti-

2447 3049 2550 3103 que
2567 3034 2886 3088 cohabitarit
2906 3052 2919 3087 :
2940 3034 3151 3103 quando
3172 3042 3348 3088 autem
3367 3042 3421 3087 et
3445 3035 3568 3087 viris
3586 3033 3651 3088 ad
3678 3034 4039 3090 ministerium

2390 3142 2399 3153 '
2449 3125 2841 3179 commodiores
2878 3126 3006 3179 estis
3032 3126 3197 3179 multo
3229 3127 3397 3194 magis
3424 3126 3575 3179 vobis
3620 3126 3765 3194 ipsis.
3802 3125 3881 3179 Ad
3909 3127 4037 3194 quid

2448 3217 2589 3271 enim
2610 3258 2624 3281 ,
2658 3231 2874 3284 quasso,
2904 3217 3204 3270 necessaria
3253 3225 3305 3270 et
3337 3216 3479 3269 utilis
3503 3215 3601 3269 viri
3652 3217 3919 3271 societas?
3945 3228 4039 3271 aut

2448 3310 2605 3378 quale
2655 3308 2742 3362 ille
2773 3307 2983 3362 mulieri
3013 3307 3282 3361 exhibebit
3311 3307 3700 3375 ministerium,
3731 3310 3873 3378 quod
3930 3326 4035 3365 non

2447 3398 2613 3467 possit
2635 3398 2842 3452 mulieri
2861 3399 3084 3452 mulier?
3101 3414 3225 3452 num
3254 3398 3408 3453 telam
3435 3408 3606 3453 tecum
3632 3410 3810 3455 texere
3826 3402 3910 3456 vel
3933 3409 4038 3455 tra-

2450 3504 2589 3542 mam
2614 3504 2739 3544 uere
2756 3505 2872 3543 cum
2896 3490 3123 3544 stamine
3142 3490 3228 3544 ille
3249 3490 3414 3559 magis
3435 3492 3627 3560 poterit
3645 3508 3800 3562 quam
3822 3494 4038 3549 mulier?

2449 3596 2515 3633 an
2547 3594 2649 3633 non
2677 3589 2870 3634 contra
2888 3594 2947 3634 se
2973 3596 3057 3635 res
3087 3580 3284 3635 habet?
3311 3580 3404 3634 llle
3432 3582 3573 3636 enim
3603 3584 3810 3637 etiamsi
3840 3585 4032 3649 vellet,

2449 3689 2557 3727 non
2588 3674 2768 3742 utique
2798 3674 2990 3738 sciret,
3022 3674 3120 3727 nisi
3148 3673 3282 3729 forte
3313 3690 3451 3728 nunc
3474 3674 3522 3727 id
3547 3674 3691 3743 ipsos
3711 3675 4032 3732 docueritis:

2449 3765 2644 3834 quippe
2672 3766 2910 3818 mulieris
2955 3765 3121 3818 solius
3170 3764 3273 3819 hoc
3307 3779 3440 3834 opus
3463 3774 3565 3819 est.
3587 3765 3691 3820 Sed
3720 3778 3925 3822 vestem
3958 3769 4032 3820 la-

2450 3873 2575 3912 vare
2594 3901 2606 3922 ,
2642 3858 2813 3927 ignem
2845 3857 3135 3911 accendere
3159 3898 3174 3923 ,
3205 3866 3257 3913 et
3281 3858 3439 3911 ollam
3460 3856 3829 3912 fervefacere?
3858 3859 4033 3912 Etiam

2450 3947 2567 4002 lnee
2595 3963 2699 4002 non
2741 3948 2914 4000 minus
2935 3987 2950 4013 ,
2979 3946 3073 4001 sed
3106 3947 3295 4001 melius
3324 3964 3481 4016 quam
3506 3949 3585 4003 vir
3611 3948 3802 4002 mulier
3821 3948 4066 4004 efﬁcere-

2451 4046 2645 4108 potest.
2695 4037 2975 4105 Quomodo
3022 4038 3180 4107 igitur
3225 4038 3368 4091 utilis
3410 4039 3513 4102 vir,
3562 4037 3649 4092 dic
3695 4041 3920 4107 qumso?
3968 4055 4037 4093 an

2450 4128 2663 4199 quando
2697 4129 2929 4184 vendere
2968 4138 3059 4182 aut
3088 4144 3268 4183 emere
3298 4131 3545 4200 oportet?
3575 4130 3682 4185 Sed
3732 4147 3906 4201 neque
3955 4131 4042 4185 hic

2450 4219 2639 4274 mulier
2682 4219 2822 4274 valet
2869 4220 3043 4273 minus
3092 4235 3250 4289 quam
3300 4221 3400 4287 vir,
3449 4230 3503 4274 et
3550 4221 3832 4276 testabitur
3857 4224 4043 4292 utique

2451 4312 2623 4366 forum
2644 4354 2658 4377 ,
2687 4321 2739 4365 et
2758 4326 2944 4366 onmes
2973 4320 3234 4381 quotquot
3272 4316 3585 4366 vestimenta
3614 4328 3793 4367 emere
3819 4316 4038 4380 volunt,

2454 4419 2480 4455 a
2506 4402 2815 4456 mulieribus
2846 4403 3158 4471 plerumque
3183 4412 3383 4456 eruunt.
3403 4404 3552 4469 Quod
3576 4406 3619 4457 si
3644 4413 3797 4474 turpe
3822 4406 4042 4474 virgini-

2455 4495 2553 4548 bus
2583 4496 2632 4547 in
2665 4494 2780 4548 foro
2803 4503 2943 4548 stare
2974 4494 3025 4546 iu
3056 4496 3394 4548 commerciis
3416 4535 3430 4559 ,
3465 4496 3601 4548 sicut
3640 4506 3693 4551 et
3736 4506 3888 4564 turpe
3919 4508 4039 4559 est,

2453 4596 2650 4655 quanto
2680 4585 2847 4654 magis
2884 4584 3189 4639 cohabitare
3236 4586 3351 4639 viro
3384 4586 3627 4655 turpius?
3666 4587 4042 4641 Verumtamen

2453 4685 2507 4730 et
2532 4676 2632 4730 hoc
2658 4676 2833 4729 minus
2859 4691 3013 4744 quam
3048 4676 3172 4729 illud
3192 4675 3424 4745 effugere
3450 4685 3644 4746 potest.
3673 4676 3803 4731 Nam
3825 4677 3941 4732 lncc
3964 4680 4043 4732 vel

2454 4767 2646 4837 puellae
2671 4782 2788 4836 quce
2814 4768 3097 4831 ministrat,
3119 4766 3201 4820 vel
3233 4767 3423 4821 vetulis
3449 4783 3570 4836 quin
3597 4768 3661 4820 ad
3689 4767 3803 4821 bmc
3831 4768 4042 4822 idonea:

2455 4866 2596 4923 sunt,
2621 4856 2811 4909 rectius
2829 4856 3205 4910 commiserim:
3223 4857 3361 4909 unde
3382 4858 3553 4926 palam
3574 4867 3654 4911 est
3670 4857 3783 4912 haec
3808 4870 4043 4926 praeters

2455 4956 2540 5000 tus
2560 4957 2613 5000 et
2632 4946 2818 5015 effugia
2839 4961 2958 5000 esse
2985 4960 3048 5001 ac
3078 4954 3377 5015 tegumenta
3408 4947 3748 5002 inlirmitatis.
3768 4947 3949 5016 Qualis
3967 4949 4043 5000 iu-

2456 5037 2722 5091 ﬁrmitatis
2758 5037 3097 5091 velamenta?
3130 5037 3317 5106 inquit.
3345 5036 3483 5091 Nam,
3522 5038 3567 5092 si
3610 5039 4041 5105 concupiscerem

2456 5130 2628 5182 virum
2660 5138 2714 5182 et
2740 5129 2948 5197 nuptias
2996 5138 3049 5181 ct
3094 5128 3143 5182 id
3179 5143 3348 5198 genus
3373 5128 3493 5181 vine
3517 5170 3530 5191 ,
3555 5129 3672 5197 quis
3702 5130 4042 5197 prohiberet?

2456 5237 2631 5276 annon
2677 5220 2887 5276 adesset
2938 5219 3157 5274 libertas
3201 5229 3256 5273 ut
3297 5219 3399 5273 hoc
3426 5218 3691 5283 facerem,
3717 5235 3822 5288 quo
3872 5235 4044 5289 neque

2457 5313 2817 5370 offenderetur
2862 5313 3031 5375 Deus,
3064 5326 3237 5381 neque
3277 5310 3391 5380 ipsa
3418 5314 3486 5368 ab
3509 5311 3813 5365 hominibus
3858 5313 4041 5365 redar-

2460 5408 2687 5478 gucrer?
2715 5406 2927 5461 Etenim
2976 5414 3029 5458 et
3069 5419 3168 5474 ego
3216 5404 3319 5458 hoc
3362 5403 3513 5466 dico,
3560 5412 3614 5459 et
3652 5418 3756 5458 non
3806 5411 3916 5457 tam
3961 5414 4042 5457 tua

2460 5514 2619 5570 quam
2674 5513 2788 5551 mea
2841 5507 2965 5549 sunt
3010 5494 3192 5549 verba.
3218 5496 3287 5549 At
3328 5509 3549 5549 necesse
3576 5494 3791 5557 dicere,
3821 5494 3908 5546 ubi
3954 5494 4043 5547 tibi

2464 5593 2559 5645 viri
2591 5605 2717 5644 usus
2749 5599 3024 5656 tantopere
3062 5586 3429 5649 necessarius;
3458 5586 3541 5639 vel
3581 5601 3701 5640 cum
3748 5596 4044 5639 monstrare

2464 5700 2566 5737 non
2615 5682 2785 5752 possis
2807 5723 2820 5747 ,
2849 5680 3089 5748 ejiciatur
3116 5678 3159 5730 is
3194 5677 3282 5746 qui
3315 5677 3452 5731 male
3495 5675 3793 5729 cohabitat:
3823 5691 3945 5729 nam
3985 5677 4044 5726 ab

2468 5776 2563 5830 huc
2596 5773 2911 5830 contumelia
2951 5769 3150 5824 absolvi
3188 5768 3340 5823 aliter
3370 5784 3472 5821 non
3516 5776 3687 5838 putes.
3729 5766 3852 5825 [Lee
3908 5769 4044 5821 enim
