4264 6312
323 380 426 434 519

321 492 418 550 κοῦ
425 507 546 563 μεν,
569 489 704 546 ἀλλά
723 490 927 551 κείσθω
947 488 1087 551 τέως
1108 485 1242 540 αύτδ
1269 485 1490 538 πάντων
1515 483 1724 537 τούτων
1747 485 1848 538 ὑπε
1859 501 1910 555 ρ.

320 573 612 647 ινηνέχθαι
641 571 752 625 τῶν
783 570 1041 634 δικτύων,
1085 569 1180 622 καί⁵
1225 566 1314 639 εἴη
1350 565 1616 620 πάντοθεν
1645 565 1909 647 καθαρδν,

323 646 417 712 καί
448 655 632 726 πάσης
660 651 1056 724 ἡλευθερώσθω
1085 649 1312 720 βλάϐης,
1341 648 1438 702 καὶ
1471 648 1680 718 μενέτω
1708 646 1910 700 παοθέ·

323 737 460 809 νοξή
487 737 776 809 παρθένος·
797 735 850 788 τί
866 734 1025 789 τοῦτο
1044 733 1183 806 πρὸς
1203 732 1273 786 τά
1288 731 1556 802 εἰρημένα
1577 731 1704 803 παρ’
1723 731 1910 801 ήμῶνς

325 826 435 878 Καὶ
464 826 574 893 γὰρ
599 823 662 874 τὸ
687 819 992 874 δεινότατον
1022 816 1181 872 τοῦτὸ
1209 818 1346 879 ἐστι,
1379 815 1474 867 καὶ
1501 814 1709 884 μυρίων
1743 814 1806 880 γέ
1817 830 1915 881 ιον

323 906 600 978 δακρύων,
639 905 723 958 δτι
759 901 1011 956 τοσοῦτον
1058 899 1325 969 ὑπέμεινε
1371 897 1528 951 πόνον
1556 895 1820 951 πάντοθεν
1851 896 1914 948 τὸ

327 989 488 1060 σῶμα
533 985 870 1058 διατηροῦσα
920 982 1202 1056 ἀκριϐῶς,
1252 981 1348 1035 καὶ
1385 980 1566 1034 πάντα
1610 979 1702 1032 τὸν
1753 978 1914 1032 πόνον

325 1070 644 1137 ἐξεκένωσε,
668 1071 760 1122 καὶ
783 1068 876 1121 τὸν
909 1065 1109 1136 μόχθον
1131 1063 1314 1134 ἐξέχεε
1334 1062 1424 1131 διὰ
1442 1061 1545 1132 τῆς
1572 1063 1653 1124 εἰς
1682 1060 1915 1134 Χριστὸν

328 1154 695 1227 βλασφημίας,
741 1152 837 1206 καὶ
873 1151 988 1221 τῆς
1023 1148 1226 1220 σαρκὸς
1270 1147 1574 1216 φεισαμένη
1619 1145 1721 1216 τῆς
1757 1145 1915 1217 δόξης

324 1238 428 1290 οὐκ
476 1235 736 1306 ἐφείσατο
777 1231 874 1286 τοῦ
918 1229 1078 1294 Θεοῦ,
1131 1228 1267 1284 ἀλλά
1310 1230 1460 1291 ὅπως
1504 1229 1605 1300 μὲν
1640 1227 1915 1297 ἀνέπαφον

324 1321 464 1390 αὐτῇ
488 1318 653 1390 μείνῃ
683 1306 744 1369 τὸ
780 1314 959 1386 σῶμα,
993 1314 1174 1370 πάντα
1206 1313 1486 1384 ἐποίησεν,
1516 1312 1664 1376 ὅπως
1691 1311 1746 1364 δέ
1773 1313 1917 1365 ἐκεῖ-

325 1420 416 1466 νος
439 1402 514 1473 μὴ
543 1399 818 1472 ὑϐρίζοιτο
859 1397 994 1469 μηδὲ
1021 1395 1444 1466 καταισχύνοιτο
1471 1395 1624 1466 παρά
1647 1398 1758 1460 τοῖς
1785 1395 1915 1448 πολ-

326 1485 459 1548 λοῖς.
497 1482 621 1536 οὑδέ
661 1481 815 1550 λόγον
844 1480 969 1550 ἐσχε
1009 1479 1151 1532 τινά.
1190 1478 1316 1531 Εἴθε
1359 1479 1456 1548 μὲν
1499 1474 1594 1531 οῦν
1632 1477 1707 1550 μή
1741 1478 1918 1532 πάντα

325 1568 563 1639 ἔπραττε
597 1564 692 1618 καλ⁵
725 1562 1071 1633 ἐπετήδευεν,
1107 1562 1166 1628 ἐξ
1198 1555 1274 1614 ὧν
1297 1563 1331 1631 ἡ
1365 1560 1458 1614 τοῦ
1479 1560 1614 1614 Θεοῦ
1637 1561 1918 1614 διαϐάλλε-

326 1663 465 1705 ταιι
495 1648 655 1713 δόξαί
703 1647 811 1700 Καὶ
858 1647 974 1709 πῶς
1015 1645 1176 1698 τοῦτο
1225 1645 1394 1708 ποιῶ;
1441 1645 1624 1714 φησίν.
1683 1645 1920 1717 Ἀνδρας

329 1733 696 1789 ἀποκλείουσα
736 1729 873 1801 μετά
921 1728 1124 1797 σαυτῆς
1172 1728 1265 1780 ἐπὶ
1297 1727 1399 1798 τῆς
1441 1729 1638 1791 οἰκίας,
1683 1728 1775 1781 καὶ
1804 1729 1918 1782 δια-

329 1815 528 1878 παντός
562 1831 646 1868 σοι
677 1809 1150 1883 παρακαθίζουσα.
1185 1811 1246 1862 Εἰ
1271 1809 1380 1881 7&9
1407 1809 1608 1882 ἀνδρας
1633 1810 1918 1880 ἐπιθυμεῖς

329 1899 480 1970 1254]
503 1898 649 1968 ἐχειν
673 1893 1076 1958 συνοικοῦντας,
1105 1892 1206 1946 ούκ
1229 1891 1335 1946 ἔδει
1361 1893 1660 1964 παρθενίαν
1682 1893 1918 1956 ἑλέσθαι,

329 1982 446 2040 ἀλλ’
472 1981 564 2035 ἐπὶ
593 1980 683 2032 τὸν
707 1979 884 2048 γάμον
915 1975 1109 2030 ἐλθεῖν·
1137 1974 1318 2046 πολλῷ
1349 1976 1457 2048 γάρ
1487 1975 1696 2046 βέλτιον
1719 1979 1920 2048 γαμεῖν

328 2064 576 2126 ἐκείνως,
619 2062 651 2132 ἢ
681 2059 1040 2133 παρθενεύειν
1066 2056 1261 2122 οὕτως.

401 2146 504 2198 Τὸν
535 2145 631 2215 μὶ)
654 2143 763 2216 7&9
789 2141 1031 2196 τοιοῦτον
1060 2141 1237 2212 γάμον
1264 2139 1387 2194 οὔτε
1417 2144 1445 2194 ὁ
1467 2140 1601 2204 Θεὸς
1625 2139 1922 2195 καταδικά-

327 2231 433 2295 ζει,
481 2227 607 2280 οὔτε
654 2227 932 2299 ἄνθρωποι
961 2223 1330 2297 διαϐάλλουσι·
1363 2224 1545 2295 τίμιον
1577 2224 1686 2296 γάρ
1713 2225 1827 2276 ἐστι
1863 2224 1921 2278 τὸ

329 2314 586 2382 πρᾶγμα,
618 2309 809 2364 οὐδένα
839 2307 1079 2372 ἀδικοῦν,
1115 2307 1240 2360 ούδέ
1272 2307 1533 2378 πλῆττον·
1561 2310 1595 2379 ή
1628 2308 1688 2360 δὲ
1717 2307 1920 2374 παρθε-

328 2396 418 2450 νία
445 2395 584 2466 αῦτη
615 2397 648 2466 ή
683 2393 822 2464 μετά
845 2391 1056 2464 ἀνδρῶν
1085 2392 1342 2464 πορνείας
1367 2390 1746 2464 χαλεπώτερον
1772 2391 1923 2462 παρά

310 2481 465 2533 πᾶσι
499 2477 872 2547 διαϐέϐληται·
904 2476 1000 2529 καὶ
1030 2475 1130 2546 τὴν
1159 2474 1368 2528 οἰκείαν
1398 2475 1715 2528 ἀπολέσασα
1745 2475 1919 2539 τάξιν,

331 2562 482 2616 κάτω
509 2579 620 2614 που
641 2561 736 2613 καὶ
766 2559 898 2629 παρ’
923 2558 1058 2611 αὐτὸ
1092 2559 1190 2628 τῆς
1217 2558 1475 2630 πορνείας
1513 2557 1831 2628 ἐξεκυλίσθη
1859 2559 1923 2612 τὸ

332 2644 626 2715 βάραθρον.
677 2641 815 2695 Οῦτε
860 2642 970 2712 γὰρ
1014 2641 1155 2711 μετά
1183 2641 1291 2693 τῶν
1320 2639 1608 2713 παρθένων
1636 2641 1922 2711 ἀνάσχοιτό

329 2745 414 2790 τις
439 2726 504 2779 ἂν
529 2725 831 2797 ἀριθμῆσαι
853 2725 951 2795 τὴν
977 2727 1052 2797 μὴ
1085 2725 1154 2778 τά
1179 2724 1273 2777 τοῦ
1306 2725 1513 2797 Κυρίου
1541 2725 1920 2799 μεριμνῶσαν,

331 2811 467 2864 ἀλλά
499 2809 726 2880 μυρίους
768 2808 1148 2880 ἐργαζομένην
1187 2809 1430 2879 μοιχοὺς,
1475 2808 1601 2862 οῦτε
1644 2809 1780 2880 μετά
1812 2809 1922 2863 τῶν

330 2894 756 2963 γεγαμημένων.
797 2893 1009 2963 Ἑκείνη
1044 2893 1142 2964 μὲν
1167 2891 1276 2962 7&9
1306 2891 1603 2962 φροντίζει,
1629 2893 1776 2956 ὅπως
1795 2892 1924 2963 ἀρέ-

333 2994 418 3030 σει
442 2977 522 3029 ἐνὶ
556 2976 729 3046 ἀνδρί·
762 2976 826 3028 σὺ
857 2975 912 3028 δὲ
943 2977 1176 3048 μυρίοις,
1203 2974 1297 3028 καὶ
1325 2974 1537 3038 τούτοις
1566 2975 1626 3027 ού
1650 2976 1799 3046 νόμῳ
1819 2975 1922 3044 γά-

335 3075 436 3129 μου
465 3059 785 3130 γνωρίμοις,
821 3058 936 3111 ἀλλ’
972 3059 1144 3129 ἑτέρῳ
1175 3059 1283 3110 τινὶ
1305 3058 1493 3129 τρόπῳ
1511 3057 1923 3129 διαϐεϐλημένῳ

333 3144 429 3197 καὶ
461 3143 1081 3212 κατεγνωσμένῳξπαρά
1112 3142 1352 3195 πάντων.
1397 3141 1561 3194 Ὅθεν
1597 3141 1810 3195 δέδοικα
1847 3143 1922 3213 μὴ

339 3227 436 3297 τῆς
459 3225 643 3296 χώρας
671 3223 941 3296 ἑκατέρας
975 3224 1302 3295 ἐκϐληθεῖσα
1341 3222 1478 3294 μετά
1511 3223 1622 3276 τῶν
1651 3224 1926 3295 ἠτιμωμέ-

332 3328 441 3364 νων
461 3306 737 3377 γυναικῶν
762 3310 937 3378 φανῇς
959 3308 1291 3378 ταττομένη.
1318 3308 1428 3360 Καὶ
1447 3308 1556 3387 γὰρ
1579 3307 1673 3360 καὶ
1697 3307 1804 3360 ἀπὸ
1826 3309 1923 3378 τῆς

335 3391 706 3462 προσηγορίας
731 3389 922 3462 αὐτῆς,
940 3390 1092 3453 είτις
1109 3388 1281 3442 ταῦτα
1298 3389 1641 3459 ψηφίσασθαι
1662 3389 1922 3458 βούλοιτο,

332 3474 453 3528 οῦδέ
493 3472 727 3526 ἐνταῦθα
765 3473 925 3525 πάλιν
958 3473 1236 3526 ἀντειπεῖν
1269 3489 1322 3525 τι
1350 3472 1715 3543 δυνησόμεθα.
1755 3474 1926 3526 Ὅταν

333 3557 444 3628 7&9
474 3557 506 3626 ἢ
543 3559 623 3620 εἰς
657 3554 862 3626 ἀγορὰν
893 3554 1226 3625 ἐμϐάλωσιν,
1263 3555 1296 3626 ή
1328 3555 1486 3624 λόγος
1515 3572 1600 3618 τις
1628 3556 1769 3609 οῖκοι
1798 3557 1927 3627 περὶ

335 3639 516 3696 αὐτῶν
553 3639 790 3709 γίνηται,
831 3639 879 3691 οἱ
911 3638 1286 3708 διαλεγόμενοι
1316 3639 1445 3710 περὶ
1469 3639 1567 3708 τῆς
1593 3638 1796 3692 ἀτόπου
1833 3655 1926 3690 συ-

335 3723 527 3791 ζυγίας
553 3722 778 3792 ταύτης,
803 3721 1040 3792 δηλῶσαι
1067 3721 1384 3792 βουλόμενοι
1409 3722 1508 3792 τὴν
1529 3725 1622 3775 τοῦ
1648 3723 1841 3796 δεῖνος,
1862 3722 1924 3777 οὐ

333 3808 433 3878 τὴν
475 3806 694 3878 μητέρα
735 3804 1015 3870 καλοῦσιν,
1065 3805 1186 3858 ούδέ
1225 3805 1333 3878 7&9
1369 3807 1535 3860 αὑτὸν
1565 3805 1772 3870 ἔτεκεν,
1805 3807 1926 3862 οῦδέ

333 3892 432 3962 τὴν
455 3890 711 3960 ἀδελφὴν,
750 3889 872 3942 ούδέ
901 3888 1010 3960 7&9
1034 3889 1132 3951 τάς
1155 3888 1325 3952 αὐτὰς
1353 3889 1540 3942 ἔλυσεν
1565 3889 1779 3956 ὠδῖνας,
1804 3889 1926 3943 οὐδὲ

332 3972 431 4042 τὴν
460 3973 732 4042 γαμετὴν,
768 3973 889 4024 οὐδὲ
913 3971 1024 4042 γὰρ
1050 3971 1202 4041 νόμῳ
1226 3972 1406 4042 γάμου
1443 3970 1779 4043 συνῴκησεν,
1804 3973 1926 4026 ούδέ

333 4056 462 4109 ἄλλο
490 4073 540 4108 τι
584 4055 904 4123 συγγενείας
943 4054 1114 4124 ὄνομα
1148 4055 1256 4108 τῶν
1294 4057 1804 4128 συγκεχωρημένων
1835 4058 1928 4110 καὶ

323 4139 474 4191 οιατά
507 4138 671 4207 νόμον
707 4138 1002 4208 κειμένων,
1037 4137 1173 4190 ἀλλά
1202 4137 1264 4189 τὸ
1297 4139 1523 4209 αἰσχρὸν
1559 4139 1655 4191 καὶ
1692 4140 1927 4208 καταγέο

334 4223 552 4274 λαστον.
591 4221 728 4274 Ούδέ
771 4220 879 4291 7&9
917 4222 983 4274 ἂν
1023 4221 1200 4289 ἔγωγε
1231 4221 1534 4292 ἀνεχοίμην
1567 4223 1700 4275 αύτῆ
1730 4225 1922 4276 εἰπεῖν·

333 4305 476 4358 οῦτω
511 4305 656 4375 μισῶ
680 4306 774 4358 καὶ
797 4305 898 4376 τὴν
927 4305 1307 4377 προσηγορίαν
1335 4306 1507 4377 αὐτὴν
1535 4308 1627 4359 καὶ
1654 4307 1926 4378 ἀποστρέ-

335 4405 528 4457 φομαι,
555 4390 650 4441 καὶ
679 4388 1040 4458 προσίσταταί
1069 4405 1162 4458 μοι
1189 4388 1280 4441 καὶ
1307 4390 1340 4458 ή
1364 4390 1652 4459 ἐπωνυμία
1677 4390 1776 4458 τῆς
1804 4408 1928 4443 συν-

332 4474 619 4541 οικήσεως.
678 4472 816 4525 Ἀλλ’
851 4472 952 4525 οὐκ
997 4472 1203 4537 ἔτεκες,
1247 4471 1367 4524 οὐδὲ
1396 4471 1686 4541 ὠδίνησας.
1733 4473 1842 4527 Καὶ
1872 4474 1926 4526 τί

331 4556 536 4625 ταύτης
571 4558 670 4626 τῆς
719 4554 1018 4624 ἀπολογίας
1064 4555 1444 4628 αίσχρότερον;
1481 4557 1536 4609 τί
1568 4556 1624 4610 δὲ
1664 4557 1926 4611 ἀθλιώτε-

337 4656 450 4708 ρον,
481 4640 609 4692 ὅταν
646 4640 755 4693 ἀπὸ
781 4638 992 4692 τούτων
1034 4638 1296 4709 βούληται
1336 4639 1628 4707 φαίνεσθαι
1657 4642 1926 4713 παρθένος

332 4724 366 4793 ή
401 4721 690 4792 παρθένος,
738 4723 820 4785 είς
857 4721 903 4775 ἀ
959 4722 1054 4774 καὶ
1105 4721 1215 4774 τῶν
1266 4723 1683 4792 πορνευομένων
1734 4724 1926 4778 πολλαὶ

329 4807 590 4872 γυναῖκες
628 4804 810 4874 ἔχουσι
870 4807 1244 4874 καταφυγείν;
1291 4805 1432 4858 Ἀλλ’
1483 4806 1689 4858 ἐκεῖναι
1729 4807 1927 4878 ἐτέρωρ

332 4889 424 4941 θεν
453 4887 788 4958 ἐλέγχονται,
819 4889 1008 4958 φησὶν,
1045 4887 1490 4955 ἀσελγαίνουσαι.
1530 4889 1698 4942 Πόθεν
1725 4890 1926 4961 ἐτέρω-

332 4972 441 5034 θεν,
473 4971 593 5025 είπέ
631 4989 756 5042 μοι;
810 4971 944 5025 ’Λπὺ
977 4970 1072 5024 τοῦ
1126 4971 1426 5042 σχήματος,
1476 4971 1586 5024 ἀπὸ
1625 4971 1718 5024 τοῦ
1757 4973 1923 5044 βλέμ-

334 5073 531 5125 ματος,
559 5056 667 5109 ἀπὺ
701 5055 796 5109 τοῦ
846 5056 1202 5127 βαδίσματος,
1235 5053 1344 5108 ἀπὸ
1376 5054 1484 5107 τῶν
1525 5055 1774 5126 ἐραστῶν
1815 5057 1927 5110 τῶν

331 5140 704 5210 ἁλισκομένων
737 5141 984 5204 ταύταις.
1029 5137 1230 5201 Καλῶς
1277 5139 1375 5208 μὲν
1424 5140 1558 5210 ήμῖν
1601 5139 1926 5210 ύπέγραψας

328 5221 420 5274 τὸν
463 5223 788 5294 χαρακτῆρα
823 5223 924 5295 τῆς
963 5222 1171 5292 πόρνης
1211 5221 1493 5288 γυναικός·
1533 5221 1648 5274 ἀλλ’
1687 5223 1809 5292 ὅρα,
1849 5224 1924 5296 μὴ

331 5307 536 5374 σαυτήν
569 5305 673 5375 πρὸ
705 5306 922 5377 ἐκείνης
943 5305 1077 5378 ἐλῃς
1106 5303 1321 5367 τούτοις
1346 5307 1461 5368 τοῖς
1483 5307 1806 5376 τεκμηρίοις
1833 5307 1927 5358 καὶ

329 5392 439 5450 τοῖς
481 5388 748 5458 ἐλέγχοις·
782 5391 877 5442 καὶ
912 5388 1020 5459 γάρ
1052 5388 1116 5440 σὺ
1156 5386 1434 5459 τοιούτους
1477 5391 1648 5458 σαυτῇ
1697 5388 1924 5454 πολλοὺς

331 5470 762 5534 κατασκευάζεις
791 5471 1048 5544 ἐραστὰς,
1082 5471 1176 5523 καὶ
1204 5455 1291 5523 διὰ
1319 5469 1432 5544 τῶν
1465 5471 1645 5524 αὐτῶν
1668 5471 1919 5526 δικτύων.

335 5553 394 5606 Ill
424 5554 481 5606 δὲ
526 5553 599 5624 μή
636 5553 856 5608 ἴστασαι
899 5555 993 5607 ἐπὶ
1030 5553 1126 5606 τοῦ
1176 5554 1480 5624 οἰκήματος
1526 5553 1766 5606 καλοῦσα
1797 5555 1925 5617 τοὺς

330 5637 644 5707 παριόντας,
690 5638 803 5690 ἀλλ’
845 5638 992 5708 ἔχεις
1040 5635 1188 5690 ἐνδον
1232 5635 1762 5706 συγκεκλεισμένους
1806 5637 1922 5690 δια-

329 5719 529 5782 παντὸς
555 5720 686 5774 πολὺ
715 5719 1091 5793 χαλεπώτερον
1114 5721 1164 5780 b,
1193 5720 1259 5773 δι’
1289 5721 1476 5788 ἕτερον
1509 5720 1605 5788 μὲν
1631 5720 1804 5783 οὐδὲν,
1836 5722 1921 5774 ἵνα

389 5838 415 5908 ξ’
446 5838 613 5908 δίον-(εί.
640 5840 958 5908 διαϐάλλεται,
980 5838 1129 5886 Savil.
1159 5837 1469 5908 διεϐάλλετο.¹

389 5895 418 5935 δ
445 5899 574 5964 [ομιτ
603 5909 654 5948 vl
679 5901 926 5964 distinguo
952 5895 1022 5948 Sir
1158 5901 1424 5956 διαπαντός,
1450 5900 1473 5946 ὃ
1499 5900 1615 5947 πολὺ

1644 5901 1726 5962 χον)
1741 5905 1918 5952 27:05::-

324 5976 421 6018 την.
451 5961 578 6009 ιέυίικ

852 373 1044 446 QUOD
1082 369 1501 428 REGULARES
1535 369 1818 427 ΡΕΜΙΝᾸΞ
1859 371 2041 427 VIRIS
2076 371 2525 429 C(,)llABlTARE
2557 370 2698 428 NON
2739 369 3084 426 DEBEANT.

2013 485 2070 539 δέ
2099 486 2293 558 ἡδονὴν
2325 484 2626 559 πληρώσῃς
2643 483 2847 540 ἄτοπον
2877 481 2975 554 τὴν
3005 477 3216 536 ἐκείνου
3238 481 3332 534 καὶ
3353 478 3455 550 τὴν
3474 496 3610 535 aau-

2008 567 2131 638 τῆς,
2159 569 2220 621 ού
2247 568 2348 638 τὴν
2368 567 2458 622 διά
2475 567 2576 638 τῆς
2600 566 2804 639 μίξεως
2832 565 2998 633 λέγω.
3037 562 3195 616 Ἀλλά
3223 563 3274 615 τί
3305 561 3365 615 τὸ
3390 561 3602 631 κέρδος,

2011 651 2140 704 ὅταν
2165 651 2260 704 καὶ
2292 653 2324 721 ή
2353 651 2442 705 διά
2464 650 2575 704 τῶν
2596 648 2898 719 ὀφθαλμῶν
2927 646 3186 700 συνουσία
3205 643 3267 697 τδ
3292 643 3424 696 αὐτὸ
3447 642 3607 696 τοῦτο

2013 732 2352 804 ἐργάζηταις
2387 735 2582 788 ἐπείεί
2615 733 2692 804 μὴ
2721 731 2882 786 τοῦτό
2914 731 3056 794 ἐστι,
3084 728 3220 799 μηδέ
3250 729 3459 798 ταύτην
3485 743 3608 797 μοι·

2012 815 2204 885 χεύετε
2233 817 2332 888 τήν
2365 817 2636 889 μοιχείαν,
2671 816 2820 880 τίνος
2853 815 3041 869 ἐνεκεν
3069 813 3232 865 αὐτὸν
3259 809 3405 882 ἔχεις
3433 810 3606 869 οἴκοις

2016 898 2176 952 ποίαν
2210 899 2391 954 αἰτίαν
2413 899 2631 954 δικαίαν
2664 900 2761 953 καὶ
2788 897 3012 966 εὔλογον
3041 897 3176 968 ἡμῖν
3201 897 3384 966 ἐρεῖς;
3419 893 3484 946 Ἦ
3507 894 3611 964 μὲν

2015 981 2122 1052 γὰρ
2153 983 2516 1054 γεγαμημένη
2542 983 2634 1036 τὸν
2656 982 2837 1054 γάμον
2864 984 2983 1050 ἐρεῖ
3007 991 3056 1044 ε,
3088 981 3120 1050 ἡ
3147 979 3204 1032 δὲ
3233 977 3610 1049 πορνευομένη

2016 1065 2115 1137 τήν
2129 1066 2438 1135 ἀσέλγειαν·
2466 1067 2532 1120 σὺ
2555 1064 2636 1134 δέ,
2664 1068 2698 1138 ή
2722 1065 3012 1137 παρθένος,
3033 1063 3192 1115 ποίαν
3207 1064 3339 1132 ημῖν
3361 1061 3606 1132 προϐαλῇ

2019 1149 2295 1219 πρόφασιν
2323 1149 2682 1219 εὐπρόσωπον
2713 1150 2808 1204 καὶ
2836 1148 3084 1212 δικαίαν;
3599 1218 3601 1221 Ι

2087 1232 2150 1285 δ’.
2197 1232 2261 1284 Τί
2306 1231 2414 1301 γάρ
2437 1233 2595 1286 τοῦτο
2615 1223 2982 1305 περιεργάζῃ,
3003 1230 3335 1300 φησί’),δταν
3374 1229 3449 1301 μή
3481 1247 3611 1298 συγ-

2019 1312 2341 1378 καθεύδωσι,
2381 1315 2518 1386 μηδέ
2554 1315 2925 1384 συγγένωνται
2963 1314 3099 1384 ἡμῖν
3128 1313 3179 1365 οἱ
3213 1311 3613 1376 συνοικοῦντες,

2020 1397 2272 1470 καθάπερ
2313 1399 2552 1462 ἐκείναις
2595 1399 2824 1462 ἐκεῖνοι;
2868 1396 3125 1452 Μάλιστα
3173 1394 3272 1466 μὲν
3316 1395 3411 1448 καὶ
3457 1396 3615 1449 τοῦτο,

2021 1483 2206 1536 πολλοὶ
2227 1481 2469 1550 λέγουσι.
2502 1483 2614 1535 Καὶ
2641 1481 2693 1534 τί
2718 1479 2906 1543 τοῦτο;
2936 1478 3092 1550 φησί·
3121 1478 3266 1531 κατὰ
3287 1478 3386 1549 τῆς
3405 1480 3616 1532 ἐαυτίοζν

2022 1564 2178 1638 [255]
2213 1564 2481 1634 κεφαλῆς.
2529 1563 2594 1618 Ei
2637 1563 2738 1634 μὲν
2785 1562 2928 1616 κατά
2975 1561 3076 1632 τῆς
3120 1559 3332 1613 ἐαυτῶν
3373 1561 3616 1630 κεφαλῆς

2024 1649 2208 1724 μόνον,
2241 1647 2469 1719 ὕστερον
2512 1645 2673 1700 τοῦτο
2707 1646 3032 1718 ζητήσομεν.
3073 1643 3182 1696 Καὶ
3223 1643 3324 1715 ἥδη
3363 1643 3464 1713 μὶν
3506 1645 3616 1714 γὰρ

2025 1730 2213 1799 σαφῶς
2237 1729 2639 1792 ἀποδέδεικται,
2668 1729 2835 1800 ήνίκα
2859 1730 2975 1792 τοῖς
2989 1726 3216 1797 ἀνδράσι
3235 1726 3613 1796 διελεγόμεθα,

2021 1814 2104 1866 δτι
2153 1812 2252 1883 οὐχ
2293 1813 2343 1865 οί
2385 1811 2571 1875 κακῶς
2604 1811 2854 1880 λέγοντες
2905 1809 3086 1879 μόνον,
3133 1807 3270 1862 ἀλλά
3306 1809 3399 1862 καὶ
3437 1810 3487 1860 οἱ
3518 1809 3614 1873 τὰς

2021 1895 2203 1958 αίτίας
2236 1894 2570 1965 παρέχοντες
2598 1894 2744 1965 εἰκῆ,
2785 1895 2884 1964 τῆς
2913 1892 3007 1945 ἐπὶ
3044 1894 3110 1963 τῇ
3149 1891 3458 1963 κατηγορίᾳ
3498 1908 3614 1943 κει-

2025 1977 2195 2047 μένης
2232 1977 2371 2030 είσὶν
2413 1976 2706 2030 ὑπεύθυνοι
2749 1974 3040 2046 τιμωρίας·
3095 1972 3234 2045 πλήν
3279 1972 3416 2026 ἀλλά
3457 1973 3617 2026 τοῦτο

2025 2061 2125 2132 μὲν
2155 2061 2251 2113 καὶ
2273 2055 2431 2118 αὖθις
2451 2058 2808 2130 ἀποδείξομεν
2835 2057 3018 2112 πάλιν·
3045 2057 3184 2121 τέως
3203 2058 3249 2111 δ’
3273 2054 3367 2112 οῦν
3397 2075 3454 2110 σε
3481 2058 3616 2128 ἕρω-
3710 2051 3723 2064 ”

2027 2162 2124 2215 μαι
2160 2144 2262 2214 τῆς
2289 2144 2624 2215 όμοσκηνίας
2663 2144 2762 2213 τὴν
2810 2142 3088 2214 πρόφασιν
3130 2141 3355 2214 ταύτης,
3397 2142 3519 2195 τίνα
3549 2141 3614 2194 ἂν

2022 2229 2165 2300 ἔχοις
2192 2229 2387 2282 εἰπεῖν.
2437 2225 2695 2298 Ἀσθενής
2729 2226 2866 2296 εἰμι,
2896 2227 3050 2296 φησὶ,
3089 2225 3184 2278 καὶ
3217 2223 3375 2295 γυνὴ,
3403 2224 3499 2278 καὶ
3519 2224 3616 2300 ούχ

2026 2299 2184 2384 ἱκανὴ
2214 2311 2351 2382 μόνη
2378 2311 2496 2374 ταῖς
2526 2310 2737 2382 χρείαις
2773 2309 3006 2381 ἀρκέσαι
3034 2312 3156 2372 ταῖς
3191 2309 3459 2380 ἐμαυτῆς.
3507 2299 3616 2363 Καὶ

2028 2397 2164 2467 μὴν,
2189 2395 2278 2448 ὅτε
2309 2396 2420 2458 τοῖς
2458 2392 2800 2446 συνοικοῦσιν
2829 2392 2957 2462 ύμῖν
2988 2390 3380 2462 ἐνεκαλοῦμεν,
3417 2393 3618 2445 τάνανο

2022 2477 2115 2532 τία
2144 2475 2415 2545 λεγόντων
2447 2474 2741 2546 ἠκούομεν,
2779 2475 2862 2527 δτι
2891 2473 2981 2527 διὰ
3003 2474 3104 2545 τὴν
3134 2475 3314 2528 αὐτῶν
3336 2475 3618 2528 διακονίαν

2025 2561 2171 2631 ὑμᾶς
2203 2558 2518 2629 κατέχουσι.
2551 2557 2678 2621 Πῶς
2705 2552 2798 2610 οὖν
2832 2557 2890 2610 αί
2925 2557 3021 2610 καὶ
3064 2558 3192 2620 τοὺς
3236 2557 3438 2628 ἄνδρας
3483 2560 3618 2612 ἀνα⁴

2025 2645 2234 2696 παῦσαι
2281 2642 2577 2713 δυνάμεναι
2625 2643 2690 2694 ἐκ
2729 2641 3072 2711 περιουσίας,
3109 2641 3334 2706 ἑαυταῖς
3367 2643 3620 2711 γυναιξὶν

2024 2724 2213 2788 οῦσαις
2239 2725 2302 2779 οὺ
2342 2725 2636 2802 δυνήσεσθε
2674 2723 2912 2794 βοηθεῖν,
2939 2723 3057 2777 ἀλλ’
3086 2725 3292 2796 ἐτέρων
3323 2725 3580 2796 δεήσεσθε
3605 2745 3618 2788 ;

2025 2808 2296 2879 Καθάπερ
2343 2806 2452 2878 γὰρ
2495 2807 2654 2878 ἀνδρί
2695 2808 2857 2879 ἀνὴρ,
2906 2805 3050 2862 οὕτω
3096 2808 3192 2861 καὶ
3225 2810 3448 2876 γυναικὶ
3482 2811 3624 2880 γυνή

2031 2893 2163 2964 ῥᾷον
2200 2892 2298 2946 καὶ
2339 2889 2707 2962 εὐκολώτερον
2751 2891 3126 2963 συνοικήσειεν
3161 2891 3247 2946 ἀν·
3270 2894 3417 2946 ὅταν
3441 2893 3498 2946 δέ
3531 2896 3622 2946 καὶ

2027 2977 2286 3048 ἀνδράσιν
2343 2974 2776 3045 ἐπιτηδειότεραι
2828 2974 2966 3045 πρὸς
3010 2975 3319 3046 ὑπηρεσίαν
3371 2977 3620 3047 γίνησθε,

2027 3058 2210 3128 πολλῷ
2239 3056 2440 3128 μᾶλλον
2473 3057 2602 3126 ύμῖν
2627 3057 2840 3120 αὐταῖς.
2881 3057 2991 3110 Ποῦ
3016 3058 3149 3129 γάρ,
3187 3059 3309 3112 εἰπέ
3347 3077 3456 3129 μοι,
3488 3065 3624 3132 χρή-

2027 3159 2187 3214 σιμος
2213 3141 2309 3195 καὶ
2333 3139 2606 3209 ἀναγκαία
2628 3140 2823 3208 γένοιτ’
2851 3138 2916 3193 ἂν
2938 3142 2971 3210 ή
2994 3141 3088 3194 τοῦ
3116 3141 3308 3213 ἀνδρὸς
3328 3145 3620 3212 κοινωνίας

2026 3224 2186 3278 ποίαν
2211 3224 2267 3277 δέ
2300 3217 2456 3286 οὗτος
2486 3224 2614 3292 ὑμῖν
2649 3220 2871 3294 παρέξει
2903 3221 3268 3295 λειτουργίαν,
3301 3228 3368 3298 ἣν
3391 3231 3622 3296 γυναῖκα

2026 3309 2086 3363 ού
2106 3307 2334 3362 δυνατὸν
2354 3307 2575 3373 γυναικὶ
2595 3308 2926 3377 παρασχεῖνς
2962 3307 3108 3359 ἰστὸν
3136 3309 3338 3377 ύφᾶναι
3363 3311 3502 3381 μετά
3527 3313 3622 3366 σοῦ

2029 3393 2121 3445 καὶ
2152 3394 2314 3462 νῆσαι
2345 3389 2554 3461 κρόκην
2593 3391 2687 3442 καὶ
2729 3390 2996 3459 στήμονα,
3044 3384 3200 3454 οὗτος
3232 3393 3332 3462 τῆς
3367 3395 3622 3460 γυναικὸς

2027 3474 2318 3545 δυνήσεται
2347 3471 2575 3542 μᾶλλον;
2611 3472 2721 3524 Καὶ
2754 3472 2860 3542 μὴν
2887 3473 3199 3526 τούναντίον
3230 3474 3400 3530 ἐστίν.
3438 3477 3496 3529 Ὀ
3525 3477 3622 3548 μὲν

2029 3559 2158 3630 γὰρ,
2199 3557 2306 3610 οὐδ’
2347 3555 2414 3610 ἂν
2455 3555 2636 3626 ἐθέλῃ,
2675 3557 3054 3626 μεταχειρίσαι
3090 3574 3144 3611 τι
3174 3558 3382 3613 τούτων
3419 3561 3529 3614 οὐδ’
3557 3561 3623 3616 ἂν

2029 3642 2259 3707 εἴσεται,
2294 3641 2435 3712 πλὴν
2465 3642 2514 3694 εἰ
2549 3642 2625 3712 μὴ
2659 3640 2754 3692 νῦν
2782 3641 2876 3694 καὶ
2902 3641 3058 3694 τοῦτο
3088 3643 3285 3707 αὐτοὺς
3322 3645 3622 3713 ἐδιδάξατε,

2028 3726 2164 3780 ἀλλά
2190 3726 2291 3795 τῆς
2318 3724 2578 3794 γυναικὸς
2614 3725 2786 3794 μόνης
2821 3725 2884 3777 τὸ
2916 3725 3076 3796 ἔργον
3115 3727 3284 3780 ἐστίν.
3328 3728 3465 3782 Ἀλλ’
3499 3731 3624 3801 ἰμά-

2027 3827 2144 3863 τιον
2173 3809 2392 3869 πλῦναι,
2425 3810 2521 3862 καὶ
2552 3808 2662 3880 πῦρ
2696 3807 3026 3874 ἀνακαῦσαι,
3077 3813 3170 3864 καὶ
3203 3811 3410 3884 χύτραν
3441 3815 3621 3883 ἐψεῖνς

2028 3894 2141 3946 Καὶ
2173 3894 2279 3963 μὴν
2307 3891 2480 3946 ταῦτα
2512 3893 2614 3946 οὐκ
2636 3892 2880 3957 ἔλαττον,
2909 3893 3045 3947 ἀλλά
3068 3895 3164 3948 καὶ
3195 3896 3406 3966 βέλτιον
3433 3899 3626 3971 ἀνδρὸς

2028 3978 2164 4049 γυνή
2201 3975 2682 4048 μεταχειρίζεσθαι
2710 3977 2957 4032 δύναται.
2989 3977 3100 4031 Ποῦ
3127 3976 3221 4032 οῦν
3248 3997 3329 4033 σοι
3356 3983 3626 4052 χρήσιμος

2028 4064 2056 4115 ὁ
2079 4061 2238 4132 ἀνὴρ,
2266 4059 2390 4113 είπέ
2417 4078 2506 4130 μοι
2527 4078 2542 4125 ;
2565 4061 2692 4115 ὅταν
2715 4061 3012 4115 ἀποδόσθαι
3043 4079 3096 4115 τι
3118 4062 3210 4135 δέῃ
3235 4073 3330 4117 καί
3360 4067 3626 4138 πρίασθαι

2030 4145 2284 4208 πάντως;
2327 4143 2470 4195 Ἀλλ’
2494 4143 2613 4197 ούδέ
2646 4144 2882 4198 ἐνταῦθα
2909 4144 3132 4222 ἔλαττον
3161 4145 3270 4216 ἔχει
3301 4148 3396 4202 τοῦ
3434 4151 3624 4222 ἀνδρὸς

2029 4230 2062 4299 ἡ
2091 4229 2248 4299 γυνή·
2279 4229 2374 4280 καὶ
2403 4228 2810 4298 μαρτυρήσειεν
2843 4229 2908 4282 ἂν
2935 4231 2965 4299 ή
2993 4216 3204 4302 ἀγορὰ,
3222 4231 3316 4283 καὶ
3345 4216 3544 4299 πάντεέ
3570 4235 3625 4288 δὲ

2028 4313 2141 4365 ὅσοι
2181 4309 2374 4382 ἱμάτια
2414 4309 2673 4364 ὠνεῖσθαι
2717 4311 3020 4376 βούλονται,
3071 4314 3220 4386 παρά
3250 4318 3530 4384 γυναικῶν
3561 4321 3627 4374 τά

2029 4396 2202 4449 πλείω
2229 4394 2438 4448 τούτων
2469 4394 2792 4466 ὠνούμενοι.
2819 4396 2882 4449 Εἰ
2909 4397 2966 4449 δέ
2989 4398 3217 4467 αἰσχρὸν
3243 4400 3517 4471 παρθένον
3539 4404 3624 4457 ἐπ’

2027 4481 2234 4561 ἀγορᾶς
2265 4479 2488 4533 ἑστάναι
2517 4480 2611 4534 ἐπὶ
2642 4478 3056 4551 συναλλάγμασι
3101 4482 3386 4547 τοιούτοις,
3436 4485 3625 4561 ῶσπερ

2027 4559 2121 4617 οὖν
2153 4563 2248 4616 καὶ
2279 4562 2524 4634 αἰσχρὸν,
2561 4563 2712 4634 πόσῳ
2760 4563 2961 4634 μᾶλλον
3005 4563 3104 4634 μὲν
3133 4566 3193 4618 τὸ
3226 4571 3498 4628 συνοικεῖν
3526 4559 3623 4623 ἀνλ

2027 4646 2219 4714 δράσιν
2255 4645 2646 4717 αἰσχρότερονξ
2676 4645 2825 4719 Πλήν
2849 4647 2985 4701 ἀλλά
3012 4649 3106 4702 καὶ
3131 4649 3291 4704 τοῦτο
3317 4653 3378 4705 τὸ
3401 4654 3624 4708 ἔλαττον

2029 4729 2239 4783 ἐκείνου
2272 4729 2556 4797 διαφυγεῖν
2588 4730 2834 4784 δυνατόν·
2865 4732 2897 4803 ῆ
2933 4731 3042 4804 γὰρ
3075 4733 3210 4806 κόρῃ
3249 4738 3313 4806 τῇ
3346 4735 3625 4793 διακονου-

2031 4811 2189 4884 μένῃ,
2216 4811 2248 4882 ἣ
2281 4812 2548 4882 γραῖδίοις
2575 4815 2688 4877 τοῖς
2718 4815 2856 4886 πρὸς
2878 4815 3051 4868 ταῦτα
3075 4817 3406 4888 ἐπιτηδείοις
3433 4822 3491 4874 τὸ
3515 4825 3624 4876 πᾶν

2029 4897 2389 4968 ἐπιτρέψαιμι
2423 4897 2508 4951 ἄν·
2541 4897 2664 4951 ὅθεν
2692 4899 2876 4970 δῆλον,
2907 4900 2989 4952 ὅτι
3019 4901 3298 4971 πρόφασις
3323 4905 3496 4958 ταῦτα
3530 4909 3624 4961 καὶ

2029 4979 2230 5051 σκῆψίς
2252 4981 2359 5032 εἰσι
2382 4981 2475 5033 καὶ
2495 4981 2940 5054 προκαλύμματα
2961 4984 3268 5050 ἀσθενείας.
3299 4987 3464 5054 Ποίας
3488 5007 3621 5062 προ-

2027 5063 2363 5135 καλύμματα
2398 5063 2720 5129 ἀσθενείας;
2747 5067 2932 5138 φησίν.
2969 5068 3028 5120 Εἰ
3059 5070 3166 5140 7&9
3188 5070 3496 5142 ἐπεθύμουν
3525 5078 3618 5128 άν-

2025 5146 2150 5219 δρὸς
2177 5147 2271 5199 καὶ
2295 5147 2477 5217 γάμου
2505 5148 2600 5202 καὶ
2620 5149 2719 5220 τῆς
2746 5151 3005 5220 τοιαύτης
3029 5151 3328 5225 διαγωγῆς,
3358 5157 3436 5217 τίς
3463 5159 3492 5212 ὁ
3514 5177 3622 5212 κω-

2026 5228 2171 5281 λύων
2203 5225 2303 5301 ῆν;
2337 5231 2437 5312 ούκ
2464 5231 2728 5300 ἐφικτδνά
2764 5235 2904 5303 μετᾶ
2935 5237 3250 5307 παρρησίας
3272 5237 3432 5292 τοῦτο
3457 5243 3622 5312 ἐργά-

2029 5317 2250 5380 σασθαι,
2292 5311 2385 5368 καὶ
2417 5319 2555 5384 μήτε
2587 5317 2966 5388 προσκροῦσαι
2989 5317 3126 5388 Θεῷ.
3166 5323 3301 5390 μήτε
3342 5311 3500 5393 παρα
3527 5328 3621 5379 ἀν-

2028 5396 2264 5482 θρωπων
2294 5400 2724 5482 κατηγορεῖσθαι
2769 5403 2864 5454 καὶ
2908 5401 3322 5471 διαϐάλλεσθαι;
3366 5409 3472 5462 Καὶ
3514 5412 3620 5482 γὰρ

2028 5480 2121 5533 καὶ
2155 5479 2267 5548 ἐγὼ
2305 5479 2466 5533 τοῦτό
2496 5499 2662 5552 φημι,
2699 5485 2794 5536 καὶ
2825 5486 2887 5537 ού
2914 5487 2980 5538 σά
3015 5487 3215 5556 μᾶλλον
3242 5490 3273 5559 ἢ
3311 5492 3418 5560 ἐμὰ
3446 5479 3622 5548 ταῦτά

2027 5565 2142 5618 ἐστι
2191 5564 2260 5619 τά
2307 5567 2548 5635 ῥήματα.
2593 5569 2660 5621 ’Π
2703 5567 2812 5640 γὰρ
2864 5571 3076 5640 ἀνάγκη
3129 5575 3325 5635 εἰπεῖν,
3385 5577 3486 5629 ποῦ
3541 5595 3618 5633 σοι

2025 5647 2252 5718 τάνδρὸς
2282 5651 2313 5719 ἡ
2353 5651 2506 5722 Χρεία
2543 5652 2742 5719 γένοιτ’
2775 5653 2840 5705 ἂν
2877 5655 3170 5722 ἀναγκαία,
3205 5657 3236 5728 ἢ
3270 5657 3429 5711 τοῦτο
3453 5661 3620 5726 δεῖξαι

2030 5729 2105 5800 μή
2150 5730 2492 5803 δυναμένην,
2540 5736 2848 5806 ἐκπέμπειν
2887 5738 2979 5792 τὸν
3018 5741 3370 5795 συνοικοῦντα
3411 5744 3617 5808 κακῶς·

2093 5911 2113 5973 '—_
2139 5906 2290 5973 εςιιιίί.
2315 5909 2394 5973 τὴν
2419 5908 2567 5969 γάμον
2594 5911 2694 5970 Eri,
2722 5925 3003 5973 perperam.

2090 5967 2114 6006 ἀ
2145 5971 2294 6018 Smil.
2323 5971 2406 6018 οὒκ
2432 5967 2603 6031 ἷζε-το.
