4264 6312
721 375 819 433 εει

721 490 921 558 ἑτέρως
949 485 1059 554 γάρ
1084 500 1143 536 σε
1181 482 1558 554 ἀπαλλαγῆναι
1585 485 1687 560 τῆς
1716 482 1927 554 ὕϐρεως
1964 480 2171 554 ταύτης
2202 482 2300 535 οὑκ

721 574 822 625 ἔνι’
864 567 1038 623 ταῦτα
1068 566 1212 635 γάρ,
1244 564 1398 636 άπερ
1430 565 1591 637 ἔφης,
1624 566 1745 636 οὐχὶ
1781 565 1850 619 σά
1887 564 2087 637 μᾶλλον
2128 564 2160 635 ἦ
2194 564 2301 617 τῶν

721 648 1121 721 ύπὲρτῆςσῆς
1158 649 1547 723 ἀσχημοσύνης
1584 642 1896 725 ἀλγούντων
1941 647 2111 705 ἐστίν.
2153 646 2302 705 Ἔδει

728 736 827 818 μὲν
868 729 980 798 εὗν,
1028 735 1078 789 εἰ
1105 733 1522 818 καὶημυριάκις,ἶ
1548 734 1819 818 χρήσιμος
1858 729 1926 812 ἦν
2058 731 2302 797 διακονία

722 816 965 890 τάνδρὸς,
1024 818 1148 889 μηδ’
1187 816 1360 879 οὕτως
1405 817 1576 888 αὐτὴν
1633 816 1773 887 μετά
1816 816 2087 886 τοσαύτης
2132 833 2305 888 προσ-

725 889 903 957 ίεσθαι
1094 899 1376 970 λοιδορίας·
1439 900 1568 952 ὃταν
1622 898 1737 970 γὰρ¹
1778 902 1815 977 η
1844 899 1940 953 τοῦ
1977 890 2113 966 Θεοῦ
2148 892 2303 968 ὑϐρί-

722 987 885 1057 ζηται
933 976 1105 1050 δόξαι,Δ
1138 982 1379 1053 μηδεμία
1426 981 1599 1046 οὓτως
1644 976 2100 1055 ἔστωνπρόφασις
2133 983 2304 1052 ἀναγ-

721 1071 874 1132 γαῖα,
918 1069 994 1130 ὡς
1036 1068 1220 1119 πεῖσαι
1249 1065 1503 1128 τοσοῦτον
1532 1067 1699 1120 κακὸν
1736 1068 2007 1140 παριδεῖν.
2050 1068 2163 1131 Kal
2194 1066 2301 1137 γάρ

721 1154 771 1205 εἰ
814 1151 1072 1225 μυριάκις
1106 1148 1396 1202 ἀποθανεῖν
1428 1150 1525 1221 τῆς
1551 1150 1767 1223 ἡμέρας
1809 1151 1949 1221 ὑπὲρ
1982 1150 2077 1204 τοῦ
2109 1152 2184 1223 μὴ
2210 1166 2303 1218 γε-

721 1236 907 1289 νέσθαι
936 1233 1094 1286 τοῦτο
1122 1230 1430 1303 προύκειτο,
1468 1233 1608 1303 μετά
1640 1233 1843 1303 πολλῆς
1876 1232 2028 1306 1256]
2070 1232 2175 1286 ἔδει
2204 1232 2303 1307 τῆς

719 1319 914 1393 ἡδονῆς
937 1318 1227 1385 ὑπομεῖναι
1252 1314 1429 1380 τοῦτο,
1464 1317 1595 1388 μήτι
1629 1333 1694 1385 γε
1729 1315 2091 1379 ἀναπαύσεως
2117 1315 2304 1369 ἕνεκεν

692 1403 815 1474 ,καὶ
851 1398 1125 1469 κοσμικῆς
1169 1395 1357 1469 χρείας
1394 1398 1647 1452 τοσοῦτον
1690 1400 2070 1471 παραδραμεῖν
2109 1398 2300 1454 κακόν.

722 1488 989 1550 ’Ἄκουσον
1019 1482 1150 1552 γοῦν
1181 1480 1299 1545 πῶς
1331 1482 1463 1536 αὐτὸ
1485 1481 1720 1535 δέδοικεν
1750 1483 1780 1535 6
1814 1478 2028 1546 Παῦλος
2056 1482 2151 1535 καὶ
2180 1482 2308 1553 τρέ-

722 1585 835 1639 μει,
865 1567 963 1633 καὶ
995 1566 1054 1632 ἐξ
1089 1566 1221 1637 ὅσης
1262 1567 1362 1636 τῆς
1394 1564 1737 1636 περιουσίας.
1787 1563 1991 1619 Καλὸν
2035 1565 2146 1635 γάρ
2176 1582 2302 1635 μοι,

718 1647 1329 1733 φησὶνζάποθανεῖνῄ
1354 1647 1427 1733 τά
1441 1646 1722 1733 καύχημά
1740 1664 1861 1733 μοι)
1891 1646 1993 1733 ἵνα
2014 1647 2308 1733 τις-κενῶ-

716 1727 825 1801 mi,
853 1728 987 1785 Εἶτα
1020 1733 1223 1793 ἐκεῖνος
1253 1730 1372 1799 μὲν,
1403 1729 1492 1783 ἵνα
1536 1728 1611 1800 μὴ
1641 1728 1855 1798 κενωθῇ
1884 1727 2049 1781 αὐτοῦ
2078 1727 2140 1780 τὸ
2168 1727 2303 1781 καύ-

718 1831 893 1887 χημα,
929 1812 1219 1867 ἀποθανεῖν
1250 1810 1452 1865 εῖλετο·
1487 1812 1650 1882 ἡμεῖς
1688 1810 1747 1864 δὲ
1794 1809 1881 1863 ῖνα
1914 1809 2186 1864 σκάνδαλα
2212 1812 2307 1865 άν-

716 1899 946 1969 ἐλωμεν,
975 1894 1097 1948 οὐδὲ
1156 1896 1354 1966 μικρᾶς
1401 1891 1853 1966 καταφρονοῦμεν
1902 1892 2177 1959 ἀνέσεως;
2212 1894 2308 1947 καὶ

713 1980 836 2047 πῶς
888 1977 1231 2051 δυνησόμεθα
1288 1975 1526 2048 σωθῆναί
1578 1992 1741 2041 mra;
1799 1975 1995 2029 Καίτοι
2043 1976 2145 2030 οὐκ
2193 1976 2308 2031 ἴσον

716 2052 886 2131 ἐστίν,
914 2062 1035 2116 οὐδὲ
1064 2060 1208 2115 κατά
1240 2059 1435 2131 μικρὸν
1463 2059 1652 2128 ὲγγὺς,
1678 2058 1956 2129 ὲγκωμίου
1988 2076 2048 2112 τε
2077 2058 2309 2114 ἀποστε-

718 2147 951 2228 ρηθῆναι
981 2144 1074 2196 καὶ
1096 2143 1401 2228 κατηγορία
1431 2138 1769 2228 περιπεσεῖν.
1789 2140 2027 2228 ἶΕκεῖνος
2053 2141 2304 2228 μὲνᾼγάρ,

715 2223 764 2281 εἰ
786 2228 789 2229 ⁷
815 2230 910 2282 xal
942 2227 1100 2280 τοῦτο
1125 2225 1362 2293 ἐγένετο,
1392 2225 1492 2277 οὑκ
1527 2224 1593 2278 ἂν
1636 2223 2012 2296 προσέκρουσε
2048 2223 2125 2295 τῷ
2149 2223 2270 2294 Θεῷ
2291 2241 2305 2254 ·

716 2311 881 2381 αὐτὸς
914 2310 1025 2382 γὰρ
1045 2306 1196 2379 αὑτῷ
1230 2306 1563 2381 προσέταξεν
1586 2308 1651 2359 ἐκ
1683 2305 1777 2359 τοῦ
1807 2301 2141 2374 Εὑαγγελίου
2172 2307 2301 2378 ζῇν*

712 2395 829 2447 ἀλλ’
856 2396 1005 2465 ὅμως
1038 2394 1226 2464 ᾑρεῖτο
1261 2391 1461 2460 μᾶλλον
1492 2390 1783 2444 ἀποθανεῖν
1818 2390 1855 2463 ἣ
1888 2390 1948 2443 τὸ
1976 2391 2310 2464 κατόρθωμα

717 2478 1007 2551 προδοῦναι
1033 2494 1047 2508 ο
1070 2470 1075 2475 ’
1098 2477 1260 2547 ἡμεῖς
1310 2474 1368 2527 δὲ
1414 2473 1483 2526 τά
1531 2472 1984 2547 προστεταγμένα
2028 2474 2308 2545 πανταχοῦ

714 2556 1094 2633 ταράττοντες,
1147 2557 1240 2613 καὶ
1280 2556 1483 2618 εἰδότες
1508 2556 1593 2609 ὅτι
1627 2556 1894 2631 μεγίστην
1933 2557 2074 2630 ὑπὲρ
2103 2557 2310 2611 τούτων

715 2644 938 2714 τίσομεν
965 2643 1144 2712 δίκην,
1176 2639 1298 2693 οὐδὲ
1334 2637 1626 2710 συνηθείας
1663 2640 1894 2711 ἀκαίρου
1953 2642 2048 2695 καὶ
2093 2641 2308 2712 ψυχρᾶς

716 2725 989 2795 ὑπεριδεῖν
1022 2721 1361 2794 ἀνεχόμεθα;
1396 2721 1490 2774 καὶ
1521 2722 1605 2784 τίς
1627 2722 1759 2793 ἡμῖν
1788 2722 1941 2777 ἔσται
1978 2722 2307 2793 συγγνώμη;

720 2794 870 2861 Ἔδει
901 2808 999 2877 μὲν
1030 2801 1144 2868 οῦν,
1180 2794 1317 2875 ὅπερ
1352 2803 1526 2873 ἔφθην
1556 2799 1751 2869 είπὼν,
1786 2806 1836 2857 εί
1867 2806 1961 2858 και
1992 2806 2161 2876 ἄνδρα
2208 2806 2308 2877 μό-

717 2910 806 2957 νον
830 2891 885 2943 αἱ
912 2886 1109 2945 πολλαὶ
1132 2886 1241 2941 τῶν
1267 2886 1470 2959 χρειῶν
1494 2882 1817 2957 ἐπεζήτουν,
1842 2887 2077 2959 τοσαύτη
2111 2888 2168 2941 δὲ
2202 2887 2309 2941 ἀπὸ

716 2974 811 3027 τοῦ
843 2973 1166 3043 πράγματος
1199 2970 1443 3023 ἐτίκτετο
1471 2967 1649 3040 ὕϐρις,
1684 2968 1901 3023 ἑλέσθαι
1936 2970 2140 3040 μᾶλλον
2172 2971 2308 3023 ἀπο-

716 3061 919 3127 θανεῖν,
948 3055 981 3126 ἢ
1007 3054 1164 3107 τοῦτο
1200 3052 1491 3123 γενόμενον
1535 3051 1795 3122 περιιδεῖν
1814 3067 1830 3081 ’
1857 3054 1987 3106 ὃταν
2014 3053 2070 3105 δὲ
2098 3054 2194 3106 καὶ
2221 3052 2310 3105 διὰ

715 3140 976 3211 γυναικὸς
1001 3134 1364 3207 εὐκολώτερον
1453 3136 1547 3187 καὶ
1574 3135 1773 3204 ῥᾷστον
1802 3137 1978 3190 πάντα
2001 3135 2205 3199 ἀνύειν,
2227 3134 2310 3198 τίς

716 3226 848 3295 ὑμῖν
875 3222 1025 3275 ἔσται
1047 3218 1346 3289 συγγνώμη
1370 3217 1774 3287 θρυπτομέναις
1804 3217 1968 3277 οὕτω.
1993 3218 2088 3271 καὶ
2113 3221 2193 3281 εἰς
2212 3217 2311 3289 τὴν

715 3304 989 3377 ὑμετέραν
1021 3300 1431 3374 ὲνυϐριζούσαις
1460 3298 1769 3370 σωτηρίαν;
1800 3300 1936 3352 Εἰπὲ
1960 3300 2023 3373 δή
2054 3316 2165 3372 μοι,
2182 3300 2311 3353 ὅταν

718 3407 801 3442 σοι
853 3386 1027 3441 ταῦτα
1074 3388 1279 3448 ἐκεῖνος
1317 3385 1549 3458 παρέχῃ,
1610 3384 1669 3435 οὑ
1716 3382 2016 3455 παρέξειςι
2047 3384 2169 3436 τινὰ
2217 3385 2314 3437 καὶ

717 3472 858 3543 αὐτὴ
901 3470 1177 3524 διακονίαν
1222 3465 1405 3536 αὐτῷ;
1441 3466 1612 3519 Παντί
1646 3483 1752 3519 που
1784 3465 1964 3541 δῆλον.
2004 3467 2118 3521 Καὶ
2161 3467 2313 3537 πόσῳ

720 3542 930 3626 βέλτιον
956 3554 1094 3623 μήτε
1116 3550 1440 3606 ἀντιδιδόναι
1463 3550 1533 3603 τά
1556 3549 1800 3613 τοιαῦτα,
1822 3542 1957 3620 μήτε
1979 3550 2315 3621 ἀντιλαμϐά-

718 3654 850 3700 νειν,
879 3634 1017 3689 ἀλλά
1043 3635 1133 3688 τὸν
1160 3633 1351 3705 καιρὸν
1372 3631 1483 3686 τῶν
1511 3633 1711 3693 πόνων,
1738 3632 1798 3686 ὃν
1827 3632 1907 3695 εἰς
1936 3632 2032 3703 τὴν
2066 3632 2315 3689 ἀνάπαυ-

723 3737 806 3772 σιν
842 3718 1155 3780 ἀναλίσκεις
1190 3715 1423 3779 ἐκείνου,
1450 3714 1640 3767 τοῦτον
1668 3715 1747 3775 εἰς
1771 3713 1869 3785 τὴν
1900 3715 2104 3785 σαυτῆς
2137 3715 2314 3769 δαπα-

721 3788 906 3874 vix-1,97]
930 3799 1289 3872 χαλεπώτερα
1325 3798 1668 3869 πονουμένην
1695 3786 1789 3852 ἒτι’
1808 3798 1903 3852 καὶ
1931 3799 2317 3869 καταισχύνειν

719 3886 919 3957 εαυτῆς
947 3883 1046 3954 τὴν
1085 3882 1388 3953 ὑπόληψιν;
1431 3883 1570 3935 Ἀλλ’
1593 3883 1851 3953 οὐδεμίαν
1880 3881 2030 3953 αὐτῷ
2053 3882 2315 3954 παρέχεις

720 3968 1017 4031 διακονίαν.
1093 3965 1305 4019 Οὐκοῦν
1368 3964 1532 4017 αὑτὸν
1586 3964 1735 4035 αὐτῷ
1788 3966 1967 4018 πάντα
2022 3966 2317 4037 ὑπηρετεῖν

720 4052 959 4122 ἀνάγκη,
972 4051 1067 4103 καὶ
1092 4047 1447 4120 στρωννύναι,
1469 4047 1563 4100 καὶ
1582 4048 1751 4116 έψεῖν,
1772 4048 1994 4119 καὶπῦρ
2013 4049 2315 4112 ἀνακαίειν,

722 4136 816 4187 καὶ
844 4134 913 4189 τὰ
941 4134 1078 4206 ἀλλα
1104 4133 1168 4203 δὴ
1194 4131 1265 4184 τὰ
1300 4130 1528 4184 τοιαῦτα
1565 4133 1759 4184 ποιεῖν.
1793 4130 1982 4185 Ταῦτα
2014 4132 2074 4186 δὲ
2114 4131 2225 4184 οὐδ’
2251 4132 2318 4185 ἂν

723 4218 942 4287 οἰκέτης
973 4206 1262 4286 ἀνάσχοιτο
1295 4214 1461 4285 μηδὲν
1495 4212 1649 4284 παρά
1668 4212 1763 4266 τοῦ
1784 4213 2046 4267 δεσπότου
2075 4214 2320 4285 καρπούς-

729 4293 917 4370 μενος’
941 4300 1254 4371 ὑπηρετεῖν.
1275 4296 1412 4350 Ἀλλ’
1446 4288 1601 4359 οὗτος
1639 4295 1892 4366 ἀνέχεται
1933 4297 2131 4358 πάντα,
2159 4296 2315 4367 φησὶ,

724 4379 813 4437 διὰ
848 4385 936 4437 τὸν
975 4377 1069 4435 τοῦ
1104 4379 1241 4434 Θεοῦ
1294 4380 1479 4449 φόϐον,
1514 4380 1608 4433 καὶ
1650 4380 1743 4431 τὸν
1784 4379 2143 4450 ἀποκείμενον
2178 4378 2318 4449 ὑπὲρ

725 4470 822 4538 τῆς
854 4466 1127 4539 διακονίας
1157 4463 1364 4536 ταύτης
1389 4463 1599 4535 μισθὸν,
1629 4463 1724 4515 καὶ
1746 4462 1904 4534 χάριν
1929 4461 2134 4515 εἴσεται
2151 4462 2180 4501 1³
2202 4462 2320 4514 ἐπι-

729 4551 1084 4621 ταττόμενος,
1119 4548 1255 4619 πρὸς
1289 4548 1349 4600 τὸ
1381 4547 1545 4618 μηδὲν
1576 4540 1923 4615 καρποῦσθαι
1972 4544 2103 4616 παρ’
2137 4544 2316 4615 ἡμῶν.

731 4634 901 4687 Πόθεν
947 4629 1041 4695 οὖν
1083 4630 1271 4686 λοιπὸν
1312 4630 1666 4701 ὲμφράξομεν
1692 4628 1761 4683 τά
1793 4627 1902 4682 τῶν
1947 4628 2323 4699 ἀναισχύντων

734 4718 1015 4787 στόματα;
1055 4716 1119 4768 Εἰ
1161 4717 1271 4785 γάρ
1312 4705 1586 4784 τοσαύτην
1630 4711 1782 4783 αὑτῷ
1823 4715 2120 4784 μαρτυρεῖς
2166 4711 2325 4765 εὐλά-

735 4804 908 4864 ϐειαν,
932 4800 1026 4852 καῖ
1051 4798 1192 4851 οὕτω
1218 4798 1411 4869 τρέμει
1436 4798 1532 4850 καὶ
1553 4796 1759 4850 δέδοικε
1778 4793 1870 4848 τοῦ
1896 4794 2030 4848 Θεοῦ
2051 4793 2124 4847 τὰ
2153 4811 2323 4867 προσ·

733 4883 1007 4953 τάγματα,
1026 4881 1102 4945 ὼς
1129 4880 1462 4955 ἀνδραπόδου
1493 4880 1695 4943 παντὸς
1726 4877 2103 4948 εὐτελέστερον
2131 4877 2323 4930 ἑαυτὸν

732 4966 987 5035 καθορᾷν,
1018 4963 1110 5018 καὶ
1145 4964 1321 5019 πάντα
1346 4962 1675 5033 ὑφίστασθαι
1729 4961 1896 5033 μηδὲν
1941 4960 2325 5031 καρπούμενον

734 5048 887 5119 παρά
913 5047 1028 5112 σοῦ,
1055 5047 1162 5119 πρὸ
1190 5048 1408 5101 πάντων
1449 5045 1657 5100 τούτων
1701 5044 1802 5116 τῆς
1851 5043 2011 5113 δόξης
2038 5043 2199 5096 αὐτὸν
2232 5043 2325 5096 καὶ

731 5133 833 5200 τῆς
871 5130 1150 5203 εὐφημίας
1192 5130 1299 5182 ἔδει
1334 5128 1619 5203 φροντίσαι
1645 5127 1739 5181 τοῦ
1768 5126 1904 5181 Θεοῦ
1928 5144 1942 5157 ·
1986 5127 2083 5179 νῦν
2128 5126 2185 5179 δὲ
2223 5128 2326 5184 οὐκ

735 5215 815 5267 ἔτι
861 5214 963 5283 τῆς
1005 5214 1176 5284 αὐτῆς
1202 5212 1382 5283 ψυχῆς
1414 5211 1549 5283 ὁμοῦ
1582 5206 1688 5285 καῖ
1713 5209 1855 5264 κατά
1883 5210 1975 5263 τὸν
2002 5209 2166 5263 αὐτὸν
2200 5209 2326 5281 χρό-

731 5316 822 5369 νον
855 5297 1122 5368 τοσαύτην
1155 5296 1327 5349 πειθώ
1361 5312 1429 5348 τε
1452 5295 1548 5347 καὶ
1587 5292 1892 5364 ὑπεροψίαν
1917 5292 2325 5346 ἐπιδείκνυσθαι

734 5381 863 5451 περὶ
913 5381 981 5434 τὰ
1027 5380 1427 5451 προστάγματα
1469 5377 1564 5431 τοῦ
1600 5376 1761 5439 Θεοῦ,
1803 5376 1897 5429 καὶ
1927 5375 2022 5429 νῦν
2056 5376 2155 5447 μὲν
2184 5375 2327 5429 αὐτά

732 5465 976 5535 τρέμειν,
999 5462 1093 5517 νῦν
1119 5462 1175 5515 δὲ
1204 5462 1410 5534 μηδένα
1430 5461 1587 5529 λόγον
1611 5458 1880 5513 ποιεῖσθαι
1903 5457 2069 5512 αὑτοῦ
2088 5460 2182 5512 τοῦ
2207 5459 2327 5511 θέν-

733 5550 825 5611 τος
853 5546 980 5609 τοὺς
1009 5546 1207 5617 νόμους
1243 5543 1620 5615 ὑϐριζομένου.
1646 5543 1719 5596 Τὸ
1754 5541 1853 5611 μὲν
1874 5541 1983 5611 γάρ
2012 5541 2207 5612 ἡδονῆς
2230 5559 2328 5596 κα-

736 5630 1057 5702 θαρεύοντα,
1079 5631 1175 5682 καὶ
1209 5628 1373 5698 μηδὲν
1402 5627 1541 5690 ὅλως
1570 5625 1909 5698 ἀνθρώπινον
1932 5625 2208 5695 πάσχοντα
2231 5625 2324 5677 x6-

807 5828 831 5879 τ
856 5819 1005 5887 ῐῖωνιι.
1030 5818 1257 5880 παρέξεις,
1281 5814 1462 5877 absque
1488 5818 1751 5877 negatione
1776 5814 1852 5875 ού,
1881 5815 1971 5871 sed
1995 5815 2170 5863 codcm
2195 5812 2321 5865 [odit

740 5886 1004 5938 gemeam.
1082 5936 1087 5938 Α
1259 5937 1267 5938 7
1648 5891 1657 5899 '

805 5938 836 5983 δ
856 5940 1004 5990 δαγὶι.
1028 5936 1164 6003 χάριν
1179 5937 1425 5999 ἡγήσεται.

1322 368 1380 425 S.
1417 365 1705 425 JOANNIS
1735 364 2229 424 CHRYSOSTOMI
2268 364 2587 424 ARCHIEP.
2629 366 3176 424 CONSTANTINOP.

3892 368 3991 426 522

2410 480 2661 548 πτισθαι,
2689 483 2785 536 καὶ
2802 482 3293 553 ταλαιταυρεῖσθαι,
3323 480 3417 535 καὶ
3450 481 3744 536 ταπεινοῦν
3775 482 3991 553 ἑαυτὸν,

2407 564 2501 619 καὶ
2526 566 2640 628 τοῖς
2665 565 2888 628 οἰκείοις
2904 564 3129 637 μόχθοις
3147 565 3356 635 ἑτέροις
3385 562 3834 637 παρασκευάζειν
3864 566 3991 621 ἀνά-

2406 663 2627 711 παυσιν,
2662 648 2953 717 φιλοσόφου
2982 646 3187 717 σφόδρα
3203 646 3382 719 ψυχῆς
3423 648 3517 701 καὶ
3564 647 3953 719 ἐπτερωμένης
3974 663 3990 680 ‘

2403 730 2464 795 τὸ
2496 730 2552 783 δὲ
2579 729 2655 802 μὴ
2684 730 2926 802 ὑϐρίζειν
2949 732 3031 794 εἰς
3054 731 3155 801 τὴν
3176 729 3270 784 τοῦ
3292 730 3427 784 Θεοῦ
3458 730 3634 798 δόξαν,
3661 719 3798 801 μηδὲ
3821 731 3994 784 ταῦτα

2405 814 2599 877 ποιεῖν,
2640 806 2709 867 δι’
2738 806 2814 875 ὧν
2852 813 2918 867 ἂν
2941 812 3363 884 βλασφημηθείη
3396 811 3545 885 [257]
3576 812 3730 883 παρὰ
3759 812 3990 873 πολλῶν,

2404 895 2499 959 καὶ
2538 894 2646 948 τῶν
2690 896 2751 948 οὐ
2785 896 2989 967 σφόδρα
3036 896 3289 969 μεγάλων
3336 895 3523 948 πολλοὶ
3569 894 3989 968 κατωρθώκασι.

2405 976 2529 1040 Πῶς
2560 974 2653 1031 οὑν
2688 994 2771 1043 σοι
2810 979 3192 1050 πιστεύσομεν,
3215 981 3299 1032 ὅτι
3319 978 3479 1031 τοῦτο
3504 978 3595 1031 διὰ
3624 978 3717 1031 τὸν
3744 978 3880 1031 Θεὸν
3902 979 3994 1029 καὶ

2401 1060 2499 1115 τὸν
2532 1062 2634 1132 τῆς
2666 1062 2954 1133 ἀσκήσεως
2981 1063 3134 1117 τόνον
3169 1065 3364 1126 ποιεῖς,
3393 1062 3423 1115 6
3458 1061 3703 1133 μεγάλης
3737 1063 3833 1113 καί
3867 1079 3992 1114 νεα-

2404 1144 2562 1213 νικῆς
2588 1144 2759 1198 δεῖται
2786 1143 2988 1216 ψυχῆς,
3012 1146 3143 1203 ὅταν
3170 1146 3373 1211 ἐκεῖνο,
3401 1145 3539 1215 ὅπερ
3571 1144 3855 1205 ἐλάττονός
3880 1145 3989 1195 ἐστι

2405 1226 2501 1285 καὶ
2545 1227 2647 1297 τῆς
2689 1220 2980 1298 τυχούσης,
3007 1228 3290 1306 ὑπερορᾷν
3328 1228 3431 1281 οὐκ
3460 1227 3669 1306 ἀνέχῃ;
3706 1225 3830 1281 Οὐδ’
3860 1226 3994 1278 ἀπο-

2407 1313 2597 1382 στῆναι
2641 1309 2848 1365 τούτων
2890 1310 3117 1374 ἐθέλεις,
3146 1310 3207 1379 ἐξ
3239 1303 3315 1363 ὧν
3347 1312 3377 1363 6
3400 1309 3533 1372 Θεὸς
3566 1303 3869 1381 ὑϐρίζεται.
3902 1310 3996 1361 καὶ

2402 1394 2465 1446 τὸ
2498 1392 2659 1465 σῶμα
2691 1394 2786 1447 καὶ
2816 1393 2995 1451 πάντα
3026 1391 3291 1463 προδίδως
3324 1393 3465 1463 ὑπὲρ
3498 1390 3605 1445 τῶν
3648 1391 3726 1467 μὴ
3775 1390 3996 1444 δοκούν-

2403 1494 2513 1531 των
2532 1487 2555 1516 ο
2591 1476 2775 1548 αὐτῷ;
2803 1478 2914 1530 Kal
2937 1476 3023 1539 τίς
3058 1475 3126 1529 ἂν
3150 1474 3325 1528 ταῦτα
3351 1473 3637 1545 πεισθῆναι
3663 1473 3994 1539 ἀνάσχοιτος

2419 1559 2579 1615 Ἀλλά
2599 1560 2709 1634 γάρ
2734 1563 2835 1615 οὐκ
2859 1556 2979 1615 οῖδα
2999 1559 3119 1621 πῶς
3134 1558 3243 1612 ἀπὸ
3268 1557 3377 1611 τῶν
3407 1556 3693 1629 παρθένων
3713 1557 3852 1628 πρὸς
3870 1556 3997 1618 τοὺς

2406 1643 2789 1709 συνοικοῦντας
2821 1644 3011 1707 αὐταῖς
3035 1640 3229 1711 ἐξέϐην
3248 1657 3262 1671 ο
3299 1639 3380 1693 διὸ
3397 1638 3463 1712 δὴ
3486 1639 3648 1693 πάλιν
3671 1640 3809 1717 πρὸς
3827 1636 3995 1706 αὐτάς

2407 1727 2689 1781 ἐπανιτέον
2719 1728 2871 1799 ἡμῖν.

2475 1900 2536 1948 ε’.
2573 1892 2742 1948 Πόθεν
2761 1888 2855 1948 οὖν
2882 1895 3007 1957 τοὺς
3027 1892 3199 1947 ταῦτα
3227 1892 3667 1964 κατηγοροῦντας
3690 1891 3787 1944 καὶ
3812 1890 4025 1945 συλλοη

2405 1976 2724 2047 γιζομένους
2750 1978 2912 2048 ἡμεῖς
2938 1976 3282 2047 δυνησόμεθα
3313 1978 3498 2030 πεῖσαι
3522 1990 3539 2040 ;
3583 1976 3694 2029 Kal
3718 1975 3792 2046 μὴ
3816 1974 4000 2027 πειθέο

2409 2057 2645 2122 σθωσαν,
2677 2059 2831 2130 φησι.
2865 2060 2976 2113 Καὶ
3000 2057 3105 2111 ποῦ
3128 2058 3289 2113 τοῦτο
3323 2058 3506 2128 ψυχῆς
3547 2057 3849 2122 εὐλαϐοῦς;
3878 2055 4001 2109 Τῶν

2407 2140 2517 2212 γὰρ
2565 2140 2750 2205 κακῶς
2802 2141 3073 2210 λεγόντων
3117 2141 3240 2195 τότε
3290 2141 3397 2211 χρὴ
3443 2144 3833 2213 καταφρονεῖν,
3872 2141 4001 2193 ὅταν

2408 2225 2569 2293 ἡμεῖς
2596 2225 2776 2287 αὐτοῖς
2812 2225 2886 2295 μὴ
2918 2225 3248 2296 παρέχωμεν
3276 2223 3449 2287 λαϐάς
3471 2240 3485 2252 ’
3524 2224 3725 2294 μᾶλλον
3777 2223 3836 2277 δὲ
3879 2223 4002 2276 οὐδὲ

2407 2307 2549 2370 τότε,
2584 2307 2803 2360 ἐπειδὰν
2846 2306 3134 2377 δυνώμεθα
3182 2306 3559 2377 ἐπιστομίζειν
3596 2305 3795 2370 αὐτούς
3819 2323 3832 2335 ·
3873 2307 4003 2358 ὅταν

2406 2390 2464 2444 δὲ
2495 2389 2555 2456 ἐξ
2584 2390 2741 2461 ἡμῶν
2768 2390 2989 2461 γίνηται
3020 2391 3081 2443 τὸ
3111 2391 3238 2455 πᾶν,
3268 2390 3363 2443 ἐπὶ
3398 2390 3499 2461 τὴν
3538 2390 3815 2460 ἡμετέραν
3846 2390 4003 2459 στρέ-

2410 2490 2571 2543 φεται
2597 2473 2839 2544 κεφαλὴν
2867 2473 3014 2526 ἅπαν
3041 2472 3101 2525 τὸ
3141 2471 3273 2543 πῦρ.
3304 2473 3468 2525 οὓτω
3493 2474 3601 2540 γὰρ
3633 2471 4006 2541 ἁμαρτάνον-

2409 2574 2530 2626 τες,
2554 2558 2739 2629 φησὶν,
2775 2559 2862 2621 εἰς
2891 2557 3033 2623 τοὺς
3062 2555 3386 2625 ἀδελφοὺς.
3419 2556 3519 2610 καί
3549 2557 3879 2621 τύπτοντες
3897 2558 4006 2609 αὑ-

2407 2639 2529 2694 τῶν
2575 2639 2691 2708 τὴν
2734 2640 3100 2706 συνείδησιν
3138 2638 3551 2702 ἀσθενοῦσαν,
3605 2641 3694 2704 είς
3744 2640 3957 2707 Χριστί
3968 2657 4007 2691 ν

2406 2722 2791 2792 ἁμαρτάνετε.
2824 2722 2978 2793 ’ᾙδει
3004 2722 3133 2793 γάρ,
3165 2721 3283 2792 ᾔδει
3334 2722 3544 2791 σαφῶς,
3577 2723 3661 2775 ὅτι
3708 2722 3810 2777 οὐκ
3844 2722 4008 2793 ἀρκεῖ

2409 2806 2547 2877 πρὸς
2580 2805 2877 2873 ἀπολογίαν
2909 2807 3040 2876 ἡμῖν
3088 2806 3122 2876 ἡ
3166 2804 3274 2858 τῶν
3305 2805 3698 2877 πληττομένων
3722 2806 4003 2867 ἀσθένεια,

2407 2888 2523 2943 ἀλλ’
2554 2889 2685 2942 αὐτὸ
2720 2888 2819 2958 μὲν
2851 2883 2944 2941 οὖν
2969 2887 3128 2942 τοῦτο
3152 2889 3247 2941 καὶ
3283 2888 3522 2960 μάλιστά
3550 2890 3669 2945 ἐστι
3697 2889 3757 2942 τὸ
3783 2890 4006 2942 καταδι-

2408 2969 2575 3035 κάζον
2601 2972 2926 3041 ήμᾶς.’οσῳ
2945 2970 3055 3042 γὰρ
3082 2968 3150 3025 ἀν
3177 2969 3577 3043 καθαρεύωμεν
3604 2971 3705 3043 τῆς
3736 2972 4006 3042 πληττού-

2411 3072 2511 3125 σης
2540 3056 2739 3120 αἰτίας,
2772 3055 3010 3127 τοσούτῳ
3042 3054 3236 3109 δίκαιοι
3278 3055 3477 3126 μᾶλλον
3511 3055 3577 3109 ἂν
3602 3054 3795 3127 εἴημεν
3826 3057 4005 3126 φείδε-

2412 3138 2534 3191 σθαι
2561 3138 2658 3209 τῆς
2687 3137 2971 3202 ἀσθενείας
3004 3139 3182 3192 αὐτῶν
3200 3138 3250 3192 δ.
3279 3140 3404 3192 Kal'
3424 3139 3579 3193 οῦπω
3606 3138 3773 3208 λέγω,
3803 3135 3888 3193 ὅτι
3916 3143 4006 3194 ὲν-

2409 3219 2585 3273 ταῦθα
2612 3220 2734 3274 οὐδὲ
2762 3222 3070 3285 ἀπεικότως
3099 3220 3450 3292 πλήττονται,
3474 3222 3613 3275 ἀλλά
3644 3222 3850 3287 κείσθω
3874 3223 4003 3276 ἀλό-

2408 3320 2522 3372 γως
2548 3303 2746 3367 αὐτοὺς
2777 3304 3069 3373 ὑπομένειν
3102 3303 3289 3358 τοῦτο·
3329 3305 3452 3358 οὐδὲ
3481 3304 3592 3377 γάρ
3620 3304 3795 3369 οὕτως
3825 3306 4006 3359 αὐτῶν

2410 3386 2671 3457 περιιδεῖν
2728 3388 2860 3457 χρή.
2901 3388 3013 3439 Kal
3056 3386 3233 3441 ταῦτα
3271 3389 3567 3459 Ῥωμαίοις
3615 3388 3952 3442 ἐπιστέλλων
3978 3392 4009 3442 6

2411 3469 2623 3532 Παῦλος
2672 3471 2820 3540 ἡμᾶς
2870 3469 3211 3535 ἐπαίδευσεν,
3241 3468 3386 3523 οὕτω
3417 3471 3625 3540 λέγων·
3660 3472 3755 3540 Μὴ
3794 3472 4007 3536 ἕνεκεν

2406 3550 2724 3621 ,βρώματος
2753 3552 3018 3607 κατάλυε
3043 3554 3110 3605 τὸ
3140 3542 3320 3623 ἔργον
3353 3555 3461 3609 τοῦ
3499 3555 3669 3609 Θεοῦ.
3704 3556 3904 3608 Καίτοι
3940 3572 4007 3625 γε

2412 3635 2606 3705 ἄλογος
2635 3630 2703 3707 ἦν
2748 3636 2783 3705 ἡ
2821 3635 3025 3707 πληγὴ,
3059 3636 3173 3690 ἀλλ’
3200 3638 3350 3707 ὅμως
3394 3639 3457 3697 οὐ
3500 3638 3579 3709 τῷ
3624 3633 4005 3711 πληττομένιέκ

2413 3719 2551 3774 ἀλλά
2579 3719 2781 3791 τῷ⁴¹τὴν
2810 3718 3025 3789 πληγὴν
3056 3720 3316 3792 ἐπάγοντι
3340 3722 3544 3792 ταύτην
3570 3723 4010 3796 ὲπιτιμᾷ.Ὄπερ

2414 3805 2522 3874 γὰρ
2546 3802 2681 3874 ἔφην
2713 3804 2836 3874 ἥδη,
2867 3802 3027 3857 τοῦτο
3054 3804 3148 3857 καὶ
3179 3805 3275 3857 νῦν
3300 3805 3409 3877 ἐρῶ
3429 3824 3443 3836 ·
3471 3806 3601 3859 ὅταν
3632 3807 3732 3877 μὲν
3756 3806 3866 3875 γὰρ
3910 3812 4009 3878 μέ-

2417 3903 2487 3953 γα
2526 3905 2578 3939 τι
2622 3887 2849 3956 γένηται
2899 3886 3110 3959 κέρδος,
3136 3890 3233 3946 καὶ
3280 3889 3375 3958 τῆς
3428 3888 3645 3961 πληγῆς
3684 3891 3891 3960 μεῖζον,
3927 3893 4009 3955 δεῖ

2414 3969 2523 4022 τῶν
2570 3970 3071 4041 σκανδαλιζομένων
3118 3971 3421 4044 ὐπερορᾷν·
3471 3974 3600 4025 ὅταν
3651 3973 3708 4026 δὲ
3755 3975 3921 4045 μηδὲν

2416 4053 2600 4116 πλέον,
2630 4052 2664 4122 ἦ
2701 4054 2826 4117 τοὺς
2854 4054 3099 4119 ἀσθενεῖς
3126 4054 3580 4116 καταϐάλλεσθαι.
3614 4058 3706 4109 καὶ
3744 4058 4009 4127 μυριάκις

2418 4134 2478 4200 ἐξ
2509 4136 2734 4205 ἀλογίας
2762 4135 2922 4190 τοῦτο
2964 4139 3254 4207 πάσχωσιν
3295 4140 3515 4204 ἐκεῖνος,
3551 4139 3829 4207 φείδεσθαι
3860 4142 3969 4212 χρή
3991 4159 4005 4171 ο

2419 4220 2541 4273 ἐπεὶ
2584 4221 2679 4273 καὶ
2706 4221 2735 4273 6
2761 4219 2895 4284 Θεὸς
2938 4223 3063 4285 τοὺς
3108 4221 3385 4286 ὠθοῦντας
3427 4225 3523 4276 καὶ
3568 4223 4009 4291 καταϐάλλοντας

2421 4303 2526 4356 ὑπὸ
2561 4303 2660 4373 τὴν
2692 4304 2967 4372 ἀπόφασιν
2996 4305 3119 4373 ἄγει
3144 4305 3243 4375 τῆς
3273 4305 3566 4377 τιμωρίας.
3597 4304 3672 4357 Τὸ
3690 4306 3801 4378 γὰρ
3837 4309 4010 4377 μηδὲν

2421 4385 2769 4458 κερδαίνοντα
2797 4386 2983 4457 ἕτερον
3013 4388 3294 4459 πλήττειν,
3323 4390 3424 4461 τῆς
3462 4389 3699 4461 ἐσχάτης
3741 4391 4011 4460 πονηρίας

2422 4468 2558 4521 ἐστί.
2588 4468 2697 4521 Kal
2726 4471 2888 4539 ἡμεῖς
2914 4470 2971 4523 δὲ
2994 4471 3125 4524 ὅταν
3155 4470 3353 4543 ἴδωμέν
3391 4488 3513 4525 τινα
3542 4472 3870 4544 δυσάρεστον
3900 4475 4011 4537 ἀπὸ

2426 4553 2644 4623 μακρᾶς
2694 4553 3006 4624 ἀρρωστίας
3056 4553 3384 4624 γενόμενον,
3428 4556 3558 4619 τοὺς
3602 4556 4012 4627 παροξύνοντας

2423 4634 2585 4688 αὐτὸν
2619 4635 2861 4706 ἀκαίρως
2887 4636 2984 4707 τῆς
3006 4636 3186 4701 οἰκίας
3216 4637 3724 4709 ἀπελαύνομεν,καὶ
3737 4641 3840 4693 οὐκ
3860 4643 4012 4714 ἀκρι-

2425 4718 2818 4789 ϐολογούμεθα,
2851 4721 2961 4773 εῖτε
2986 4720 3230 4784 δικαίως,
3259 4721 3370 4774 εῖτε
3402 4720 3605 4785 ἀδίκως
3626 4723 3824 4776 ἐκεῖνοι
3852 4725 4014 4791 τοῦτο

2426 4802 2689 4865 ποιοῦσιν,
2717 4801 2853 4855 ἀλλά
2896 4803 3078 4876 πάσης
3106 4804 3305 4866 αὐτοὺς
3334 4802 3631 4872 ἀπολογίας
3664 4804 4011 4872 ἐκϐαλόντες,

2424 4887 2519 4937 καὶ
2564 4884 2763 4956 πολλὴν
2793 4884 2970 4955 τούτῳ
3017 4886 3199 4956 δόντες
3232 4886 3564 4959 συγγνώμην
3590 4887 3681 4941 διὰ
3710 4889 3808 4961 τὴν
3844 4890 4007 4943 ἀσθέ-

2424 4985 2594 5030 νειαν.
2625 4968 2725 5023 κᾶν
2749 4968 2950 5033 ἀδίκως
2972 4968 3658 5043 παροξύνηται,δλεοῦμεν.
3677 4973 3742 5026 El
3760 4972 3820 5027 δὲ
3850 4974 4014 5046 ἡμεῖς

2423 5050 2660 5126 τοσαύτῃ
2689 5051 2783 5105 καὶ
2811 5052 2938 5124 περὶ
2965 5053 3090 5115 τούς
3117 5053 3334 5117 οἰκέτας
3372 5054 3466 5107 καὶ
3493 5056 3621 5126 περὶ
3652 5056 3779 5119 τοὺς
3812 5057 4015 5121 παῖδας

2427 5134 2653 5207 προνοίᾳ
2677 5135 3017 5206 κεχρήμεθα.
3044 5137 3139 5193 καί
3156 5137 3271 5190 υἱὸν
3296 5136 3557 5201 ⁴πολλάκις
3580 5138 3806 5192 τοιαῦτα
3830 5140 3938 5210 πλη
3947 5159 4015 5211 μ-

2429 5217 2696 5286 μελοῦντα
2731 5218 3121 5289 μαστιγούμεν,
3150 5218 3332 5289 πολλῷ
3361 5220 3563 5290 μᾶλλον
3586 5223 3614 5275 6
3650 5222 3856 5291 ἀγαθὸς
3879 5222 4016 5288 Θεὸς

2427 5295 2522 5367 καὶ
2554 5301 2789 5372 χρηστὸς
2834 5302 2929 5356 καὶ
2972 5301 3222 5373 ἐπιεικὴς
3258 5301 3415 5359 τοῦτο
3457 5305 3771 5376 ἐργάσεται.
3810 5307 3878 5359 Τί
3921 5308 4012 5361 λέ-

2425 5401 2576 5453 γεις;
2611 5384 2846 5457 ἀσθενής
2873 5385 3019 5442 ἐστιν
3052 5387 3081 5437 6
3105 5385 3504 5455 πληττόμενος;
3537 5388 3748 5443 Οὐκοῦν
3770 5390 4011 5458 φειδοῦς,

2426 5464 2487 5543 οὑ
2519 5467 2734 5539 πληγῆς
2768 5470 2916 5525 ἐστιν
2949 5462 3454 5541 ἄξιος..Τραύματα
3500 5470 3647 5542 ἔχει;
3694 5472 3787 5544 Μὴ
3830 5475 4013 5539 τοίνυν

2427 5550 2830 5621 ἐπιτρίψωμεν,
2864 5550 2999 5603 ’ἀλλ’
3043 5550 3341 5623 ἰασώμεθα.
3372 5553 3699 5607 ’Υποπτεύει
3759 5556 4012 5625 πονηρῶς

2428 5634 2521 5686 καὶ
2562 5632 2891 5709 ἀλογίστωςς
2921 5634 3130 5688 Οὐκοῦν
3172 5636 3451 5706 ἀνέλωμεν
3495 5635 3594 5707 τὴν
3634 5637 3894 5705 ὑποψίαν,
3938 5638 4016 5709 μὴ

2497 5868 2519 5929 ξ
2549 5867 2696 5929 Savjl.
2718 5866 2835 5929 ὑπὲρ
2854 5868 2946 5929 τῶν
2966 5866 3251 5929 δοκούντων,
3274 5866 3458 5929 absque
3493 5867 3576 5927 μή.

2495 5924 2523 5967 δ
2545 5928 2630 5977 53$
2640 5924 2692 5977 ίΙ.
2730 5924 2965 5983 ἀσθενείας
2989 5929 3145 5990 ἡμῶν,
3166 5934 3213 5976 el
3239 5926 3359 5979 infra
3380 5924 3536 5977 ξιὺτὼν
3557 5927 3764 5994 ἀφειδεῖν
3779 5941 3899 6001 uni,
