4264 6312
255 372 346 428 1521
775 373 955 441 QUOD
994 373 1402 430 REGULARES
1442 373 1716 459 ΕΕΜΙΝᾸΞ
1760 372 1820 428 Vl

1969 370 2403 428 COIIADITABE
2441 371 2572 429 NON
2615 372 2950 429 DEBEANT.

255 505 374 556 qua:
395 489 607 543 dicebas
627 530 639 552 ,
673 506 776 544 non
809 501 896 546 tua
939 492 1108 561 magis
1133 500 1288 556 sunt,
1320 507 1476 562 quam
1528 505 1711 545 eorum
1742 490 1829 560 qui

257 580 634 648 turpitudinem
677 591 817 650 tuam
865 581 1064 636 dolent.
1118 581 1408 650 Oportebat
1446 581 1696 650 quidem,
1751 589 1830 633 ta-

254 647 410 723 metsi
455 647 741 738 plurimuln
787 670 912 724 utile
962 680 1138 732 esset,
1169 647 1268 724 viri
1324 647 1671 724 ministerium
1711 685 1831 723 eum

257 765 408 824 tanto
434 758 675 813 convicio
703 774 808 812 non
831 758 1142 815 admittere:
1167 776 1287 813 nam
1317 760 1528 829 quando
1551 758 1642 812 Dei
1665 757 1832 827 gloria

252 846 518 902 dedecore
543 847 791 910 afficitur,
830 847 1007 902 nullus
1046 857 1151 902 tam
1181 846 1510 902 necessarius
1529 861 1648 902 esse
1686 854 1834 915 pote-

257 938 326 990 rit
353 946 636 1005 praetextas
659 977 674 1000 ,
697 947 755 992 ut
780 938 1162 1008 persuadeatur
1184 937 1455 992 contemni
1492 944 1694 991 tantum
1717 951 1834 990 ma-

259 1024 388 1078 lum.
424 1025 722 1091 Quinetiam
751 1029 795 1080 si
838 1028 1028 1082 millies
1071 1027 1124 1080 iu
1151 1027 1237 1082 die
1265 1028 1335 1080 sit
1376 1026 1744 1090 moriendum,
1769 1041 1833 1081 ne

259 1115 359 1171 hoc
391 1117 512 1181 ﬁat,
543 1133 665 1172 cum
711 1119 876 1173 multa
897 1119 1170 1188 voluptate
1213 1118 1314 1172 hoc
1355 1119 1626 1174 sustinere
1675 1131 1837 1186 opor-

257 1207 398 1261 tebat
419 1248 434 1268 ,
466 1208 634 1262 multo
660 1210 832 1262 minus
856 1209 1080 1278 quietis,
1109 1209 1192 1263 vel
1223 1208 1472 1263 mundani
1495 1221 1624 1262 usus
1641 1208 1830 1277 gratia,

256 1303 625 1372 negligendum
650 1313 765 1358 erat
791 1306 1009 1358 malum.
1038 1303 1174 1357 Audi
1202 1304 1362 1374 igitur
1391 1300 1658 1373 quemodo
1700 1301 1835 1370 idip-

253 1409 372 1448 sum
393 1396 564 1450 timuit
581 1396 775 1450 Paulus
789 1405 842 1451 et
858 1396 1089 1460 tremuit,
1108 1405 1326 1465 etquam
1352 1395 1714 1449 vehementer.
1732 1391 1835 1446 Bo-

262 1503 376 1539 num
403 1487 546 1541 enim
587 1488 710 1540 mihi
738 1497 808 1541 est
835 1488 964 1541 mori
984 1526 1001 1553 ,
1030 1489 1100 1542 ait
1124 1529 1138 1552 ,
1171 1504 1324 1555 quam
1350 1486 1566 1558 gloriam
1591 1501 1752 1538 meam
1781 1492 1834 1537 ut

255 1579 370 1649 quis
398 1579 686 1651 evacuetﬂ.
709 1577 825 1632 Cor.
854 1577 907 1633 9.
949 1577 1057 1649 l5).
1087 1578 1230 1633 Sane
1254 1578 1360 1640 ille,
1384 1586 1442 1631 ut
1462 1591 1527 1630 ue
1549 1584 1830 1630 evacuaret

252 1682 403 1719 suam
441 1667 661 1736 gloriam
683 1706 699 1732 ,
733 1667 865 1720 mori
905 1667 1095 1737 elegit:
1129 1681 1228 1720 nos
1263 1676 1439 1720 autem
1487 1674 1556 1718 ut-
1587 1661 1831 1718 scandala

257 1756 503 1809 tollamus
524 1797 540 1818 ,
574 1771 748 1825 neque
775 1771 995 1826 parvum
1027 1755 1366 1810 commodum
1404 1752 1834 1808 contemnimus?

253 1853 307 1896 et
326 1845 594 1913 quomodo
625 1847 910 1914 poterimus
939 1861 1186 1916 umquam
1219 1845 1440 1912 salvari,
1465 1859 1582 1898 cum
1615 1858 1718 1898 non
1765 1843 1834 1897 sit

254 1949 370 2002 par,
402 1949 572 2003 neque
611 1934 824 1988 accedat
865 1949 1063 2004 prope,
1088 1933 1242 1988 laude
1287 1934 1477 2002 privari
1499 1974 1513 1995 ,
1542 1941 1597 1987 et
1634 1931 1686 1986 in
1723 1931 1829 1986 cri-

253 2038 376 2075 men
401 2023 668 2077 incidere?
697 2023 790 2078 llle
816 2024 957 2078 enim
985 2024 1084 2078 etsi
1115 2024 1216 2077 hoc
1240 2023 1484 2087 fecisset,
1515 2038 1617 2075 non
1657 2021 1830 2076 offen-

253 2113 417 2166 ili~set
448 2114 646 2167 Deum:
679 2115 792 2183 ipse
823 2130 1050 2184 namque
1070 2116 1116 2169 ei
1143 2118 1488 2169 constituerat
1513 2130 1576 2169 ex
1604 2129 1832 2183 evange-

254 2206 325 2258 lio
346 2207 554 2283 vivere:
583 2214 813 2261 attamen
842 2207 1071 2262 malebat
1095 2206 1258 2271 mori,
1289 2221 1446 2276 quam
1490 2215 1595 2260 tam
1633 2206 1831 2260 bonum

251 2312 384 2366 opus
406 2295 700 2367 relinquere
730 2317 742 2350 :
772 2314 867 2352 nos
898 2309 1074 2354 autem
1104 2300 1377 2354 turbantes
1403 2315 1464 2352 ea
1491 2314 1607 2368 qua:
1635 2299 1832 2367 ubique

250 2396 374 2439 sunt
398 2387 664 2452 ordinata,
708 2389 828 2443 licet
852 2391 1080 2445 sciamus
1101 2389 1242 2460 quod
1269 2391 1549 2451 maximam
1584 2400 1828 2460 propter-

261 2490 323 2529 ea
374 2476 551 2529 luituri
616 2479 781 2532 simus
843 2494 1088 2548 pmnam,
1162 2495 1332 2550 neque
1394 2479 1828 2534 consuetudinem

251 2564 494 2637 frigidam
538 2578 590 2622 et
631 2570 1052 2639 intempestivam
1091 2572 1288 2641 despici
1326 2572 1588 2641 patimur?
1613 2580 1666 2625 et
1712 2587 1829 2640 quae

249 2659 462 2717 tandem
509 2659 664 2714 nobis
701 2663 799 2716 erit
828 2662 1018 2716 venia?
1047 2662 1335 2732 Oportebat
1383 2664 1558 2732 igitur,
1605 2663 1703 2717 etsi
1752 2664 1830 2716 vi-

249 2764 368 2802 rum
421 2765 583 2802 unum
638 2751 785 2803 multi
837 2766 966 2805 usus
1008 2752 1460 2821 requirerent,nt
1493 2760 1648 2804 antea
1687 2751 1829 2806 dice-

251 2838 372 2891 bam
395 2878 408 2899 ,
435 2847 575 2891 tanta
604 2854 732 2893 vero
763 2840 885 2895 inde
915 2851 1223 2895 nasceretur
1250 2841 1568 2896 contumelia
1594 2881 1609 2905 ,
1632 2841 1828 2911 eligere

247 2939 472 2982 mortem
504 2932 713 2999 potius,
746 2948 903 3001 quam
936 2933 1039 2987 hoc
1075 2943 1456 2989 contemnere:
1483 2950 1604 2990 cum
1647 2944 1824 2989 autem

247 3034 344 3086 per
374 3020 650 3073 mulierem
677 3022 1008 3075 counuodius
1031 3031 1086 3076 et
1115 3022 1322 3078 facilius
1350 3024 1466 3079 hare
1490 3024 1665 3078 omnia
1697 3040 1819 3094 per-

247 3111 328 3162 lici
355 3112 586 3178 possint,
614 3126 729 3179 qua:
759 3112 908 3166 vobis
941 3114 1042 3166 erit
1077 3114 1229 3167 venia
1259 3115 1336 3168 sic
1361 3115 1589 3170 delicate
1623 3116 1825 3185 agenti-

247 3199 346 3252 bus
371 3241 385 3264 ,
413 3209 464 3252 et
487 3209 668 3253 contra
698 3201 922 3256 salutem
941 3211 1172 3258 vestram
1195 3219 1291 3260 vos
1331 3204 1694 3260 ftedautibus?
1725 3208 1816 3262 Dic

247 3291 374 3342 item
422 3289 804 3359 mihi,quanto
853 3292 944 3345 tibi
987 3291 1101 3346 haec
1154 3293 1244 3347 ille
1285 3294 1532 3357 exhibet,
1573 3310 1749 3350 annon
1805 3297 1822 3328 ί

245 3378 521 3433 exhibebis
570 3380 729 3433 etiam
771 3379 845 3433 illi
885 3381 1117 3435 vicissim
1169 3382 1382 3452 aliquod
1431 3384 1825 3438 ministerium?

243 3468 378 3521 Nulli
429 3483 534 3522 non
577 3470 933 3524 manifestum.
967 3470 1034 3524 Et
1072 3480 1271 3540 quanto
1293 3473 1490 3526 melius
1533 3490 1635 3529 non
1665 3475 1822 3528 retri-

244 3559 408 3629 buere
460 3561 615 3623 talia,
670 3576 841 3630 neque
883 3562 1117 3617 vicissim
1149 3563 1424 3633 accipere,
1470 3564 1565 3619 sed
1617 3575 1824 3636 tempus

242 3653 481 3706 laborum
505 3694 520 3718 ,
549 3652 687 3722 quod
738 3653 790 3707 in
822 3655 960 3709 illius
1005 3656 1238 3724 quietem
1295 3657 1559 3729 impendis
1581 3700 1597 3725 ,
1632 3658 1734 3714 hoc
1769 3660 1820 3714 in

197 3813 203 3818 ι
245 3750 386 3805 tuam
442 3743 743 3807 insumere,
793 3759 950 3813 quam
999 3746 1232 3814 graviter
1288 3747 1614 3802 laborantem
1677 3759 1822 3805 tuam

241 3834 686 3887 existimationem
717 3834 1082 3890 confundere?
1120 3835 1226 3891 Sed
1248 3837 1451 3892 nullum
1481 3839 1578 3907 ipsi
1600 3839 1822 3894 exhibes

242 3922 623 3982 ministerium.
667 3922 806 3993 Ergo
849 3926 1022 3994 ipsum
1050 3926 1150 3980 sibi
1180 3926 1280 3995 ipsi
1305 3927 1482 3980 omnia
1518 3928 1822 3984 ministrare

245 4015 639 4079 necessarium,
695 4024 748 4070 et
815 4025 1058 4070 sternere
1105 4017 1303 4083 lectos,
1352 4024 1407 4072 et
1452 4031 1711 4088 coquere,
1766 4027 1822 4073 et

243 4103 418 4172 ignem
441 4106 766 4171 accendere,
798 4117 850 4160 et
872 4107 973 4160 alia
1005 4107 1244 4177 id'genus
1267 4106 1462 4162 facere.
1493 4108 1616 4163 Haec
1650 4124 1820 4179 neque

243 4193 471 4248 famulus
519 4194 679 4250 ferret
723 4196 791 4249 ita
841 4198 1183 4263 ministrans,
1214 4206 1269 4253 et
1305 4199 1439 4252 nihil
1481 4199 1748 4254 commodi
1787 4216 1819 4256 a

246 4285 468 4340 domino
496 4288 784 4355 accipiens.
811 4287 915 4342 Sed
950 4287 1035 4342 hic
1062 4287 1165 4343 fert
1214 4290 1421 4356 omnia,
1468 4290 1667 4359 inquit,
1698 4306 1820 4359 pro-

241 4385 359 4445 pter
372 4375 614 4430 timorem
639 4377 843 4431 Domini
871 4388 924 4432 et
947 4379 1231 4448 repositam
1259 4379 1344 4434 hic
1362 4380 1658 4437 ministerio
1675 4399 1813 4440 mer.

238 4465 422 4520 cedem
444 4505 457 4526 ,
486 4474 540 4518 et
562 4467 783 4534 gratiam
816 4466 1028 4521 habebit
1057 4469 1144 4537 qui
1185 4468 1410 4537 imperio
1451 4471 1665 4535 subest,
1696 4487 1815 4527 cum

241 4556 370 4613 nihil
420 4558 491 4610 illi
547 4558 615 4610 sit
661 4558 902 4611 utilitatis
939 4574 1003 4612 ex
1043 4549 1216 4613 nobis.
1258 4559 1408 4616 Unde
1442 4562 1601 4631 igitur
1633 4573 1815 4633 postea

240 4647 624 4718 impudentiam
668 4649 1036 4704 obturabimus
1089 4650 1221 4705 ora?
1259 4653 1469 4707 Etenim
1523 4655 1568 4708 si
1616 4663 1814 4710 tantam

238 4739 350 4806 ipsa
379 4738 495 4807 ejus
523 4741 734 4792 testaris
779 4740 1026 4807 pietatem
1049 4782 1064 4808 ,
1103 4751 1158 4796 et
1192 4742 1271 4797 sic
1299 4745 1480 4798 tremit
1510 4753 1565 4798 et
1602 4757 1818 4801 veretur

239 4829 332 4883 Dei
364 4829 609 4883 mandata
629 4869 644 4894 ,
677 4838 732 4882 ut
759 4829 991 4898 scipsum
1007 4831 1126 4902 plus
1145 4847 1302 4901 quam
1323 4833 1639 4888 vilissimum
1662 4850 1814 4889 tuan-

234 4919 433 4987 cipium
477 4919 762 4988 despiciat,
800 4919 1089 4990 omniaque
1138 4922 1233 4977 tibi
1278 4923 1561 4991 exhibeat,
1611 4926 1813 4982 nullum

236 5009 356 5086 inde
383 5010 599 5081 capiens
639 5009 902 5077 fructum,
943 5021 1067 5068 ante
1105 5015 1284 5069 omnia
1327 5018 1604 5085 oportebat
1639 5019 1811 5088 ipsum

243 5102 502 5156 rationem
543 5103 739 5157 habere
767 5103 950 5172 gloria:
977 5114 1032 5160 ct
1059 5104 1278 5161 honoris
1297 5107 1391 5162 Dei
1421 5126 1435 5162 :
1465 5125 1606 5165 nunc
1635 5120 1812 5167 autem

232 5205 336 5244 nou
353 5201 436 5247 est
462 5193 703 5260 ejusdem
724 5194 914 5248 anima:
938 5195 1094 5249 simul
1115 5204 1168 5250 et
1183 5212 1280 5266 per
1300 5198 1438 5254 idem
1470 5209 1678 5270 tempus
1697 5209 1814 5256 tan-

233 5289 338 5333 tam
365 5279 762 5349 obsequentiam
791 5281 946 5339 simul
968 5293 1022 5338 et
1041 5284 1350 5353 despectum
1369 5289 1652 5344 ostendere
1671 5291 1808 5345 circa

233 5370 476 5425 mandata
505 5371 617 5437 Dei,
645 5380 697 5426 et
719 5388 860 5428 nunc
876 5373 1088 5444 quidem
1107 5376 1217 5444 ipsa
1243 5385 1497 5442 tremere,
1523 5394 1662 5434 nunc
1677 5397 1800 5434 vero

231 5463 424 5515 nullam
437 5463 694 5518 rationem
715 5463 912 5521 habere
938 5465 1054 5535 ejus
1073 5467 1164 5537 qui
1188 5469 1331 5539 leges
1349 5468 1513 5536 dedit,
1537 5471 1664 5526 dum
1684 5487 1810 5526 cou-

229 5552 442 5606 tumelia
461 5551 705 5609 afﬁcitur.
727 5555 934 5610 Etenim
957 5557 999 5610 si
1017 5573 1076 5612 se
1093 5573 1278 5628 purum
1296 5575 1510 5616 servare
1523 5577 1550 5615 a
1567 5562 1806 5633 volupta-

293 5750 302 5796 ι
342 5747 499 5814 savii.
527 5748 768 5801 cxiu‘bcbis
786 5765 803 5812 ,'
835 5752 924 5803 sed
951 5753 1124 5803 eodem
1155 5757 1281 5805 redit
1313 5758 1571 5810 sententia.

3412 374 3520 432 5!!

1935 499 2008 542 te.
2026 498 2078 542 et
2093 488 2218 542 nihil
2239 487 2451 542 humani
2469 504 2625 559 agerc
2639 530 2653 553 ,
2674 490 2905 559 scipsum
2925 490 3225 558 humiliare,
3255 490 3515 559 affligere,

1935 589 1986 633 et
2013 581 2264 634 mrtttnnis
2288 579 2568 648 subjicere,
2599 579 2816 649 suisque
2838 579 3106 635 laboribus
3126 581 3243 635 aliis
3265 581 3502 651 quietem

1939 685 2124 738 parere
2142 709 2157 731 ,
2187 684 2310 724 vere
2336 669 2487 723 valde
2515 671 2768 740 sapientis
2795 673 2985 726 anima:
3011 679 3092 727 est
3133 680 3188 727 et
3228 673 3473 728 sublimis
3498 699 3517 739 ,-

1937 775 2066 815 sane
2106 760 2328 829 gloriam
2390 761 2484 815 Dei
2529 763 2850 817 contumelia
2893 778 2998 818 non
3046 763 3293 821 afﬁcere.
3339 780 3514 835 neque

1939 849 2053 904 haec
2081 850 2254 905 facere
2273 891 2286 914 ,
2323 858 2535 920 propter
2554 866 2672 920 qtae
2693 850 3091 921 blasphematur
3115 867 3146 906 a
3167 853 3348 907 multis
3365 893 3383 918 ,
3414 853 3516 908 hoc

1938 939 2090 995 multi
2125 955 2224 995 nec
2245 939 2398 995 valde
2428 941 2603 1010 magni
2631 940 2768 995 bene
2802 949 2857 996 et
2892 956 3013 996 cum
3063 941 3220 997 laude
3257 944 3520 1011 przeslite-

1942 1038 2084 1084 runt.
2125 1029 2406 1108 Quqmodo
2449 1030 2610 1108 igitur
2636 1030 2726 1084 tibi
2751 1031 3031 1088 credemus
3060 1032 3202 1102 quod
3256 1033 3357 1088 hoc
3391 1049 3518 1102 pro-

1937 1119 2066 1189 pter’
2084 1105 2248 1173 Deum
2274 1127 2328 1172 et
2355 1105 2610 1174 asceseos'
2627 1120 2857 1175 studium
2884 1120 3066 1189 facias,
3097 1122 3238 1194 quod
3265 1138 3512 1194 magnam

1935 1217 1990 1262 et
2013 1222 2326 1277 generosam
2351 1208 2583 1263 animam
2627 1210 2884 1280 requirit,
2914 1210 3130 1280 quando
3178 1212 3306 1268 illud
3327 1253 3344 1280 ,
3372 1213 3516 1282 quod
3591 1206 3594 1209 Α

1935 1300 2141 1356 scilicet
2184 1301 2360 1356 minus
2388 1307 2548 1354 estet
2573 1301 2819 1371 vulgare,
2847 1301 3123 1370 despicere
3172 1319 3278 1358 non
3327 1305 3522 1373 potes?

1937 1387 2117 1458 Neque
2157 1388 2417 1442 absistere
2466 1385 2544 1443 vis
2581 1389 2650 1444 ab
2695 1389 2793 1455 iis,
2851 1405 2882 1444 a
2912 1389 3105 1459 quibus
3148 1391 3259 1447 Deo
3298 1391 3523 1447 infertur

1939 1478 2162 1547 injuria,
2218 1487 2272 1532 et
2316 1492 2510 1547 corpus
2558 1486 2614 1532 et
2665 1478 2845 1534 omnia
2893 1479 3078 1548 prodis
3127 1495 3228 1550 pro
3280 1481 3346 1535 iis
3397 1497 3518 1552 quae

1938 1582 2046 1622 non
2090 1567 2189 1636 ipsi
2224 1567 2469 1636 placent?
2490 1565 2558 1622 Et
2592 1568 2675 1623 cui
2729 1566 2844 1623 haec
2885 1568 3190 1637 persuaderi
3236 1571 3524 1641 poterunt?

1936 1654 2039 1711 Sed
2068 1648 2250 1710 nescio
2276 1655 2542 1724 quomodo
2565 1649 2601 1710 'a
2629 1656 2922 1726 virginibus
2947 1657 3015 1711 ad
3036 1672 3220 1714 earum
3239 1659 3516 1716 cohabita-

1936 1756 2080 1803 tores
2094 1748 2250 1803 simul
2281 1748 2614 1802 transiverim
2633 1757 2956 1818 ;Ipropterea
2977 1749 3162 1821 utique
3193 1749 3260 1806 ad
3301 1766 3396 1806 eas
3419 1767 3518 1806 no-

1935 1839 2018 1896 bis
2037 1837 2388 1894 redcundum.
3239 1882 3245 1887 .

2007 1929 2060 1985 5.
2104 1927 2160 1982 Is
2187 1929 2275 2000 qui
2315 1929 2430 1983 aliis
2455 1926 2762 1996 offendicqu
2801 1937 2895 1994 est,
2927 1929 3023 1984 hoc
3057 1930 3171 2000 ipso
3197 1940 3402 2001 peccat,
3430 1935 3523 1986 etsi

1936 2037 2036 2075 non
2067 2021 2197 2074 male
2220 2028 2358 2091 agat.
2384 2049 2456 2061 --
2481 2019 2633 2076 Unde
2662 2020 2822 2092 igitur
2851 2020 2974 2087 illis,
3001 2021 3089 2090 qui
3122 2022 3190 2074 ita
3228 2037 3321 2076 eas
3359 2037 3518 2075 accu-

1936 2120 2056 2167 sant
2097 2119 2151 2166 et
2187 2119 2644 2181 argumentantur,
2686 2126 2784 2166 nos
2828 2111 3121 2180 poterimus
3160 2111 3520 2179 persuadere?

1935 2193 2050 2256 Non
2077 2201 2515 2270 persuadeantur,
2543 2200 2634 2254 ait.
2669 2202 2750 2254 An
2779 2215 2906 2254 vero
2935 2202 3034 2270 piat
3059 2201 3251 2255 anima:
3271 2203 3372 2272 hoc
3403 2201 3516 2256 fuc-

1935 2292 2044 2345 rit?
2071 2290 2219 2345 Tunc
2263 2290 2405 2344 enim
2445 2289 2687 2344 maledici
2713 2289 3040 2361 despiciendi
3083 2299 3228 2356 sunt,
3270 2305 3391 2344 cum
3422 2305 3525 2346 nos

1935 2383 2038 2436 illis
2075 2395 2231 2435 ansas
2265 2395 2370 2434 non
2398 2381 2817 2449 praebuerimus;
2845 2381 2954 2435 imo
2979 2396 3149 2450 neque
3189 2390 3332 2444 tunc,
3355 2379 3522 2451 'quan-

1934 2472 2219 2542 doquidem
2265 2472 2497 2541 ipsorum
2540 2471 2796 2526 obturare
2824 2486 2919 2527 ora
2961 2487 3280 2542 possumus;
3308 2473 3521 2542 quando

1934 2576 2109 2620 autem
2141 2574 2305 2619 totum
2337 2580 2403 2619 ex
2430 2563 2583 2618 nobis
2610 2571 2712 2628 cst,
2746 2563 2800 2618 in
2841 2572 3081 2618 nostrum
3108 2565 3332 2618 vertitur
3359 2576 3519 2634 caput

1935 2664 2074 2708 totus
2118 2655 2271 2723 ignis.
2305 2653 2394 2708 Sic
2433 2654 2587 2716 enim,
2619 2652 2714 2718 ait,
2743 2662 3006 2722 peccantes
3043 2653 3097 2706 in
3121 2654 3325 2722 fratres,
3365 2646 3519 2707 etin-

1933 2750 2136 2817 ﬁrmam
2161 2749 2386 2817 ipsorum
2423 2746 2778 2800 conscientiam
2807 2745 3227 2816 percutimtes,iu
3259 2745 3518 2802 Christum

1931 2845 2149 2912 peccatis
2179 2843 2254 2915 (1.
2285 2841 2403 2897 Cor.
2443 2841 2498 2896 8.
2528 2841 2642 2911 12).
2671 2838 2886 2895 Sciebat
2924 2838 3089 2904 enim,
3118 2838 3322 2894 sciebat
3345 2839 3518 2893 maui-

1933 2934 2085 3000 feste,
2113 2919 2251 3002 quod
2295 2947 2403 2986 non
2445 2931 2715 2985 suftlceret
2751 2929 2818 2983 ad
2846 2929 3213 2985 defensionem
3255 2937 3513 2995 nostram,

1931 3039 2116 3080 eorum
2143 3003 2232 3094 qui
2261 3022 2601 3077 offenduntur
2633 3020 2932 3087 inﬁrmitas,
2965 3021 3060 3076 sed
3086 3021 3189 3076 hoc
3210 3023 3382 3091 ipsum
3414 3037 3514 3092 po-

1932 3117 2193 3171 tissimum
2243 3122 2326 3170 est
2371 3113 2511 3180 quod
2565 3112 2886 3168 condemnat
2935 3128 3052 3168 nos.
3108 3112 3318 3180 Quanto
3369 3114 3514 3169 enisa

1933 3209 2175 3276 puriores
2215 3219 2398 3260 sumus
2441 3219 2472 3258 a
2512 3218 2671 3259 causa
2713 3220 2833 3274 quae
2877 3205 3187 3272 intentatur,
3231 3214 3379 3261 tanto
3415 3221 3512 3263 nos

1931 3298 2134 3367 :equius
2158 3294 2548 3365 praestabimus,
2586 3294 2630 3349 si
2675 3293 2971 3348 inﬁrmitati
3001 3309 3187 3348 eorum
3214 3309 3515 3364 parcamus.

1931 3387 1999 3441 Et
2020 3387 2252 3440 nondum
2283 3385 2404 3439 dico
2433 3384 2576 3454 quod
2606 3384 2691 3438 hic
2721 3384 2987 3438 immerito
3012 3384 3349 3440 effundantur
3374 3402 3388 3448 ;
3417 3387 3511 3441 sed

1928 3488 2157 3551 ponatur
2182 3476 2324 3547 quod
2349 3477 2549 3545 absque
2574 3475 2778 3530 ratione
2805 3475 2906 3530 hoc
2931 3476 3200 3544 patiantur
3228 3495 3242 3530 :
3273 3493 3393 3531 nam
3417 3494 3515 3533 nec

1929 3570 2006 3624 sic
2051 3567 2380 3638 despiciendi
2428 3576 2572 3622 sunt.
2623 3567 2753 3633 Quae
2803 3566 3058 3621 Romanis
3100 3583 3196 3637 per
3234 3569 3512 3638 epistolam

1928 3662 2168 3718 scribens
2196 3660 2395 3716 Paulus
2432 3659 2614 3714 docuit
2642 3674 2740 3714 nos
2777 3660 2855 3714 sic
2896 3658 3078 3714 dicens
3106 3676 3120 3713 :
3152 3658 3277 3714 Noli
3307 3669 3513 3729 propter

1927 3769 2092 3809 escam
2136 3752 2394 3808 destruere
2437 3767 2567 3822 Opus
2607 3749 2705 3804 Dei
2747 3749 2924 3821 (Rom.
2972 3750 3061 3806 14.
3101 3749 3216 3821 20).
3262 3751 3513 3817 Quamvis

1928 3846 1997 3900 illi
2040 3843 2332 3913 improvide
2373 3851 2525 3898 erant
2559 3841 2770 3906 oﬂeusi,
2810 3850 3044 3896 attamen
3093 3856 3198 3896 non
3249 3857 3369 3895 cum
3417 3841 3507 3912 qui

1925 3935 2230 4001 offenditur,
2264 3935 2357 3990 sed
2388 3934 2742 3989 oﬂ‘endentem
2775 3934 3031 4004 increpat.
3063 3933 3193 3987 Nam
3231 3933 3369 4003 quod
3395 3933 3505 4002 jam

1925 4029 2172 4083 videlicet
2213 4026 2454 4082 dicebam
2502 4037 2557 4079 et
2599 4040 2742 4094 nunc
2785 4025 2905 4079 dico
2938 4043 2953 4079 :
2985 4025 3209 4092 Quando
3258 4040 3509 4095 magnum

1926 4119 2140 4189 aliquod
2166 4118 2369 4173 lucrum
2408 4117 2684 4171 obvenerit
2723 4123 2777 4170 et
2801 4115 2949 4184 plaga
2993 4115 3105 4185 ipsa
3149 4115 3336 4185 majus,
3375 4129 3509 4169 cou-

1928 4210 2197 4266 temnendi
2224 4217 2346 4264 sunt
2374 4209 2463 4278 qui
2490 4207 2798 4263 scandalum
2827 4207 3094 4277 patiuntur
3123 4224 3137 4260 :
3164 4206 3375 4276 quando
3410 4222 3510 4260 au-

1925 4309 2030 4355 tem
2073 4301 2274 4354 nullum
2303 4297 2463 4353 fuerit
2500 4297 2751 4366 amplius,
2777 4304 2955 4366 “quam
2975 4294 3116 4366 quod
3146 4295 3340 4350 infirmi
3377 4293 3510 4365 deji-

1922 4393 2152 4457 eiantur,
2183 4391 2390 4446 etiamsi
2419 4390 2610 4444 millies
2639 4403 2701 4444 es
2728 4386 3082 4457 imprudentia
3112 4385 3214 4440 hoc
3240 4386 3508 4456 patiantur

1923 4483 2019 4546 illi,
2056 4481 2380 4552 parcendum
2424 4482 2504 4536 eis
2538 4480 2678 4544 erit;
2706 4477 2956 4548 quoniam
2987 4487 3043 4532 et
3081 4478 3223 4532 Deus
3263 4491 3378 4543 eos,
3416 4480 3504 4546 qui

1922 4575 2204 4644 impellunt
2232 4574 2283 4628 in
2321 4573 2528 4642 lapsum
2563 4579 2618 4626 et
2642 4569 2916 4639 dejiciunt.
2951 4569 3059 4624 lata
3089 4569 3351 4623 sententia
3382 4583 3504 4636 sup-

1922 4666 2063 4735 plicii
2111 4665 2310 4734 puniet.
2355 4662 2487 4718 Nam
2532 4660 2666 4716 nihil
2704 4661 2972 4718 lucrautes
3008 4659 3169 4713 alium
3208 4657 3502 4720 olfenderc,

1921 4763 2174 4809 extremae
2214 4753 2430 4808 malitize
2474 4761 2577 4806 est.
2626 4749 2735 4804 Nos
2785 4758 2964 4803 autem
3011 4751 3224 4818 quando
3263 4747 3505 4802 videmus

1920 4845 2149 4916 aliquem
2196 4843 2489 4913 inquietum
2532 4841 2602 4896 ob
2643 4840 2946 4895 diuturnam
2989 4839 3368 4903 valetudinem,
3413 4854 3507 4892 eos

1920 4938 2009 5007 qui
2037 4937 2183 4990 ilhm
2210 4930 2551 5002 exacerbant,
2581 4933 2742 4988 domo
2771 4931 3050 5002 abigimus,
3081 4946 3254 5002 neque
3279 4931 3500 4984 multum

1919 5027 2270 5097 disputamus,
2299 5039 2366 5092 an
2392 5024 2534 5094 juste
2561 5023 2645 5078 vel
2675 5023 2878 5092 injuste
2915 5022 2994 5076 illi
3023 5022 3125 5076 hoc
3155 5019 3370 5086 faciant,
3399 5021 3494 5074 sed

1920 5126 2112 5188 negata
2142 5117 2250 5171 illis
2275 5117 2422 5170 omni
2447 5114 2778 5177 defensione,
2803 5122 2859 5166 et
2883 5111 3006 5166 huic
3030 5112 3150 5166 data
3181 5110 3250 5164 ob
3276 5109 3498 5164 inﬁrmi-

1920 5218 2081 5266 tatem
2110 5207 2289 5274 venia,
2313 5207 2555 5276 quamvis
2583 5204 2778 5275 injuste
2805 5202 3171 5267 csacerbetur,
3197 5200 3313 5270 ejus
3338 5199 3500 5254 mise-

1919 5315 2119 5370 remur.
2147 5296 2298 5364 Quod
2323 5297 2369 5351 si
2397 5310 2493 5350 nos
2519 5295 2619 5350 hac
2649 5309 2775 5348 cura
2796 5294 2934 5348 circa
2963 5290 3190 5346 famulos
3217 5300 3272 5345 et
3299 5304 3498 5359 pueros

1918 5390 2135 5454 utimur,
2189 5396 2244 5441 et
2280 5401 2425 5456 saepe
2473 5384 2637 5439 filium
2682 5385 2752 5438 ita
2794 5392 3102 5453 peccantem
3148 5380 3498 5452 flagellamus,

1917 5480 2084 5534 multo
2123 5479 2291 5547 magis
2317 5479 2488 5533 bonus
2534 5478 2675 5531 Deus
2716 5485 2770 5532 et
2819 5477 3057 5530 clemens
3098 5482 3152 5529 et
3189 5488 3372 5543 aequus
3401 5471 3502 5527 hoc

1917 5571 2093 5625 faciet.
2121 5569 2256 5637 Quid
2281 5567 2455 5623 dicis?
2479 5568 2717 5622 inﬁrmus
2759 5575 2836 5621 est
2868 5566 2957 5636 qui
2982 5564 3308 5620 offenditur?
3339 5563 3500 5632 Igitur

1915 5657 2107 5729 dignus
2153 5668 2234 5712 est
2279 5659 2362 5712 cui
2412 5664 2678 5726 parcatur,
2729 5671 2834 5710 non
2870 5663 2928 5710 ut
2975 5654 3220 5711 laedatur.
3263 5649 3496 5706 Vulnera

1919 5750 2112 5807 habet?
2133 5749 2207 5805 Nc
2246 5751 2404 5820 igitur
2429 5758 2739 5818 atteramus,
2772 5747 2865 5804 sed
2891 5760 3161 5804 curemus.
3185 5745 3498 5815 Suspicatur
