4264 6312
786 368 892 421 5‘23

784 484 924 534 male
961 492 1012 534 et
1044 481 1437 552 imprudenter?
1466 484 1627 555 Igitur
1654 485 1956 540 auferamus
1981 488 2357 555 suspicionem,

792 584 899 625 non
921 586 1205 639 augeamus
1239 592 1251 627 :
1283 574 1334 628 in
1361 573 1628 628 Christum
1661 577 1803 629 enim
1830 587 2013 644 peccat
2038 592 2155 645 qua:
2184 576 2250 630 de
2280 575 2364 629 ius

788 662 1079 717 contendit.
1118 665 1221 736 AAn
1278 682 1381 719 non
1433 666 1584 720 audis
1635 667 1687 721 in
1737 666 1919 722 Veteri
1971 667 2167 721 Mosem
2220 682 2362 736 saape

786 749 1077 832 dicentem,
1107 734 1243 806 Deus
1271 755 1453 817 zelotes
1478 765 1547 809 est
1577 753 1767 823 (Exod.
1817 755 1907 810 ΩΟ.
1960 755 2050 827 5)?
2092 766 2145 809 et
2173 734 2361 809 iterum

782 842 960 895 Zelan
994 842 1275 896 Jerusalem
1314 842 1496 915 (Zach.
1530 846 1580 898 t.
1628 844 1754 914 lt):
1789 846 1837 898 in
1881 844 2030 901 Novo
2057 860 2183 899 vero
2227 845 2364 899 Pau-

786 933 894 985 lum
940 934 1279 997 clamantem,
1330 934 1573 989 xEmulor
1613 937 1743 989 enim
1791 953 1877 990 vos
1907 936 2002 989 Dei
2048 938 2368 991 aemulatione

792 1020 869 1087 (‘2.
905 1020 1023 1075 Cor.
1053 1024 1139 1076 ll.
1161 1022 1239 1093 2).
1276 1024 1403 1081 lloc.
1437 1026 1482 1078 si
1510 1025 1635 1078 nihil
1657 1025 1820 1088 aliud,
1853 1024 2099 1080 suflicere
2115 1026 2363 1092 debebat,

785 1126 852 1165 ne
894 1113 1290 1169 subverteretur
1325 1117 1518 1179 anima,
1550 1116 1708 1168 etiam
1750 1131 1857 1170 non
1886 1116 2035 1171 valde
2070 1115 2278 1169 infirma
2312 1125 2368 1170 et

790 1218 954 1271 :egra.
981 1200 1111 1257 Cum
1138 1206 1278 1260 enim
1314 1220 1398 1259 res
1436 1204 1571 1260 adeo
1606 1205 1674 1259 sit
1700 1206 2172 1273 terribilis,‘dulcis
2200 1207 2367 1277 magis

789 1301 891 1358 est,
922 1308 1079 1363 quam
1111 1301 1203 1351 tet.
1243 1295 1379 1349 bilis.
1423 1294 1725 1363 Numquam
1762 1296 1905 1349 enim
1940 1296 2087 1350 zelus
2126 1305 2227 1362 est,
2260 1312 2367 1359 non

789 1391 1061 1452 prmeunte
1085 1385 1300 1438 caritate
1323 1385 1496 1455 aliqua
1520 1386 1689 1440 calida
1711 1395 1767 1441 et
1794 1385 2052 1453 fervente,
2084 1386 2155 1440 ita
2188 1396 2242 1439 ιιι
2267 1386 2368 1441 hoc

788 1475 859 1529 sit
891 1486 1256 1546 argumentum
1284 1470 1610 1532 vehementis
1645 1478 1984 1548 ardentisque
2012 1478 2104 1534 Dei
2132 1479 2367 1536 caritatis

788 1575 844 1620 et
867 1567 1129 1621 amicitiaa.
1161 1566 1274 1621 Non
1311 1569 1452 1622 enim
1487 1568 1696 1623 affectio
1733 1578 1815 1623 est
1846 1569 1990 1623 zelus
2019 1569 2070 1622 in
2102 1568 2228 1635 Deo,
2272 1568 2367 1624 sed

791 1656 979 1710 volens
1024 1657 1340 1712 immensum
1384 1672 1619 1712 amorem
1658 1674 1811 1713 suum
1861 1659 2219 1729 interpretari,
2266 1659 2367 1713 hoc

789 1759 933 1814 saepe
956 1760 1083 1799 usus
1109 1755 1190 1800 est
1221 1747 1452 1801 nomine.
1484 1747 1729 1801 Attamen
1762 1762 1861 1801 nos
1881 1747 1969 1816 qui
1992 1746 2145 1803 valde
2184 1747 2365 1800 insen-

786 1835 886 1889 sati
922 1835 987 1888 ad
1018 1834 1275 1889 humanas
1303 1835 1597 1890 decidimus
1620 1836 1947 1897 affectiones.
1990 1852 2112 1891 eum
2139 1838 2228 1905 qui
2270 1850 2366 1891 nos

787 1938 989 1981 tantum
1035 1939 1178 1981 amat
1219 1929 1538 1983 contumelia
1581 1929 1860 1995 allicimus,
1912 1943 2005 1983 eos
2048 1937 2223 1982 autem
2271 1928 2361 1997 qui

785 2018 917 2073 nihil
946 2020 1098 2073 nobis
1124 2019 1375 2089 prodesse
1398 2027 1618 2088 possunt
1646 2019 1893 2072 omnibus
1919 2017 2092 2071 modis
2118 2017 2359 2073 eolimus.

784 2110 924 2177 Quid
957 2111 1100 2165 enim
1148 2112 1262 2177 tibi,
1304 2127 1336 2165 o
1382 2110 1598 2176 misera,
1653 2118 1853 2164 tantum
1901 2108 2155 2177 prodesse
2196 2115 2365 2176 potest

784 2201 971 2270 frigida
1006 2203 1119 2258 lucc
1159 2204 1501 2269 cobabitatio,
1543 2219 1663 2258 cum
1696 2211 1841 2257 tanto
1890 2201 2141 2256 thesauro
2180 2210 2230 2255 te
2259 2201 2366 2269 pri-

789 2294 916 2348 vet?
952 2295 1104 2359 Vide,
1151 2294 1611 2364 quzesozdeducit
1647 2303 1698 2348 te
1739 2309 1770 2348 e
1816 2293 1982 2358 cazlis,
2029 2292 2269 2347 excludit
2312 2302 2366 2346 te

783 2384 1046 2451 Spirituali
1076 2384 1326 2451 thalamo,
1348 2385 1581 2453 sejungit
1609 2393 1662 2439 te
1686 2398 1717 2437 a
1737 2383 1937 2438 czelesti
1968 2397 2185 2452 sponso,
2216 2390 2366 2451 parat

782 2473 880 2527 tibi
935 2475 1248 2529 immortalia
1300 2476 1558 2545 supplicia
1614 2484 1669 2530 et
1718 2484 1981 2529 tormenta
2032 2474 2192 2528 ﬁnem
2258 2488 2363 2528 non

783 2565 1052 2619 habentia.
1093 2566 1195 2620 Pro
1226 2567 1308 2620 his
1342 2568 1386 2621 si
1416 2568 1607 2621 talenta
1640 2567 1917 2621 innumera
1946 2565 2208 2634 praeberet
2230 2580 2362 2620 eon-

783 2657 1075 2711 tubcrnalis
1105 2667 1249 2725 tuus,
1289 2644 1331 2712 si
1360 2659 1653 2727 promptior
1680 2667 1823 2713 esset
1862 2656 2137 2725 mancipiis
2165 2656 2366 2711 venali-

784 2749 891 2813 tiis,
922 2751 965 2803 si
997 2760 1047 2804 te
1090 2750 1140 2803 in
1169 2749 1354 2820 majori
1397 2751 1599 2805 honore
1627 2758 1681 2804 et
1710 2750 1966 2821 dignitate
1992 2750 2361 2813 constitueret,

781 2854 938 2906 quam
978 2841 1046 2892 sit
1070 2841 1247 2909 regina
1275 2856 1287 2892 :
1319 2856 1385 2895 an
1412 2856 1516 2895 non
1543 2852 1601 2895 ut
1628 2840 1944 2895 damnosum
1973 2849 2026 2893 et
2065 2839 2359 2901 inimicum,

780 2938 834 2982 et
880 2930 1025 2995 plura
1070 2930 1399 2983 auferentem
1440 2944 1598 2997 quam
1634 2930 1866 2990 dantem,
1907 2929 1983 2982 sic
2031 2928 2266 2981 aversari
2311 2936 2365 2980 et

779 3019 904 3073 odio
935 3018 1128 3073 habere
1156 3021 1466 3087 oporteret?
1500 3019 1816 3088 I‘roponitur
1846 3019 1938 3072 tibi
1967 3034 2091 3072 cura
2119 3017 2184 3071 de
2212 3017 2363 3070 bonis

780 3111 1103 3174 caelestibus,
1147 3110 1213 3164 de
1254 3125 1417 3179 regno
1462 3110 1655 3173 futuro,
1700 3109 1767 3164 de
1812 3111 1917 3163 vita
1964 3108 2268 3170 immortali,
2297 3108 2365 3161 de

781 3202 1032 3255 ineffabili
1074 3202 1274 3271 gloria;
1307 3211 1359 3255 tu
1392 3217 1519 3255 vero
1549 3201 1758 3270 negotia
1802 3209 2008 3254 terrena
2039 3212 2363 3253 commemo-

781 3308 887 3357 ras,
924 3293 1145 3346 ethunc
1174 3292 1238 3346 ad
1287 3294 1373 3346 illa
1404 3293 1590 3346 utilem
1620 3292 1787 3344 visum
1828 3291 1959 3345 colis
1989 3290 2139 3359 quasi
2186 3288 2363 3343 domi-

783 3398 932 3448 num,
960 3390 1145 3436 etnon
1179 3392 1229 3436 te
1267 3382 1517 3446 occultas,
1558 3395 1726 3449 neque
1764 3396 1884 3434 oras
1913 3390 1969 3432 ut
2003 3389 2053 3433 te
2091 3388 2230 3433 terra
2263 3378 2359 3433 ab~

780 3472 1012 3536 sorbeat,
1048 3483 1103 3525 ut
1128 3472 1205 3527 sic
1232 3473 1351 3526 inde
1381 3473 1605 3540 migres?
1631 3470 1735 3525 Sed
1776 3470 2139 3525 infirmitatem
2168 3468 2359 3522 mulie-

779 3562 890 3616 bris
939 3572 1139 3616 naturze
1181 3562 1309 3616 mihi
1360 3562 1624 3631 pros-texis,
1669 3572 1720 3615 et
1771 3562 2123 3615 lmmanorum
2169 3575 2358 3613 usuum

780 3653 1248 3722 dispensationem,
1297 3662 1351 3707 et
1383 3655 1615 3722 quietem
1644 3651 2011 3717 domesticam,
2061 3651 2265 3720 {ingens
2307 3659 2360 3705 et

777 3758 1101 3812 componens
1130 3754 1412 3813 praetextus
1442 3745 1532 3813 qui
1564 3759 1666 3798 non
1695 3745 1851 3799 sunt?
1882 3746 1949 3797 At
1976 3758 2148 3813 neque
2169 3743 2245 3798 sic
2266 3756 2360 3797 eos

777 3833 868 3901 qui
894 3849 989 3887 cor
1016 3832 1209 3887 habent
1240 3833 1405 3888 falles.
1448 3833 1561 3887 Non
1608 3843 1691 3888 est
1734 3835 1896 3897 enim,
1942 3848 2046 3887 non
2077 3841 2159 3888 est
2183 3833 2357 3902 quies,

778 3941 897 3987 qua:
939 3926 1002 3979 ad
1036 3935 1232 3979 tantam
1266 3926 1641 3994 turpitudinem
1687 3934 1859 3994 cogat.
1900 3926 2087 3980 Mulier
2110 3928 2263 3979 enim
2311 3926 2357 3981 si

778 4014 1023 4080 voluerit,
1074 4031 1176 4070 non
1221 4016 1319 4069 sibi
1361 4016 1457 4085 ipsi
1500 4016 1696 4082 solum,
1743 4015 1837 4070 sed
1876 4026 1928 4070 et
1970 4018 2089 4071 aliis
2124 4018 2359 4086 pluribus

778 4103 1006 4161 sufﬁciet
1030 4105 1094 4158 ad
1131 4107 1481 4159 ministerium
1513 4123 1526 4159 :
1560 4107 1809 4175 quoniam
1850 4122 1969 4160 cum
1995 4108 2062 4160 ab
2104 4108 2252 4161 initio
2277 4109 2359 4162 vir

779 4204 951 4257 civilia
982 4198 1188 4273 negotia
1224 4204 1534 4274 susceperit,
1565 4196 1758 4259 mulier
1781 4197 1963 4259 sortita
1988 4203 2071 4249 est
2095 4195 2356 4250 domesti-

779 4308 898 4346 cam
945 4294 1451 4348 adminiSIrationem
1497 4304 1549 4350 et
1591 4310 1792 4349 curam.
1837 4296 1953 4349 Non
1984 4294 2140 4365 igitur
2166 4295 2359 4365 quietis

780 4383 973 4452 indiga:
1002 4385 1141 4437 intus
1171 4386 1352 4453 rapitis
1378 4385 1540 4440 viros.
1569 4385 1648 4438 Ad
1679 4384 1804 4454 quid
1837 4384 1999 4455 ergo?
2032 4386 2201 4453 stupri
2242 4399 2361 4453 gra-

782 4474 854 4527 tia
888 4480 941 4527 et
969 4474 1239 4527 libidinis?
1269 4475 1377 4543 Ego
1408 4475 1620 4544 quidem
1655 4490 1758 4528 non
1801 4476 1877 4528 sic
1915 4474 2162 4541 dixerim,
2201 4474 2354 4537 absit,

784 4564 891 4616 imo
920 4578 1024 4617 non
1050 4564 1235 4618 desino
1270 4563 1549 4633 obiurgare
1578 4577 1671 4618 eos
1701 4564 1789 4633 qui
1817 4565 1893 4618 sic
1919 4563 2135 4619 dicunt:
2162 4565 2359 4618 utinam

781 4662 955 4708 autem
981 4652 1230 4723 pessibi'e
1256 4664 1399 4709 esset
1438 4654 1487 4707 id
1514 4654 1868 4725 persuadere!
1899 4655 2027 4722 Quis
2065 4670 2191 4723 ergo
2221 4669 2359 4724 pra:-

784 4753 982 4811 textus,
1022 4760 1141 4813 qua
1175 4759 1332 4799 causa
1375 4744 1538 4799 efﬁcit
1578 4753 1637 4799 ut
1686 4761 1806 4801 rem
1842 4746 1986 4800 illam
2026 4755 2357 4815 expetamus,

787 4836 994 4904 inquit?
1024 4834 1198 4890 inanis
1229 4836 1417 4908 gloriae
1451 4851 1621 4890 amor.
1659 4836 1725 4890 Et
1762 4835 2208 4905 quemadmodum
2233 4836 2361 4889 viris

787 4926 1033 4994 voluptas
1061 4925 1243 4979 frivola
1278 4935 1329 4979 et
1364 4926 1588 4991 misera,
1629 4926 1706 4981 sic
1736 4926 1838 4980 illis
1866 4925 2084 4981 honoris
2112 4926 2361 4995 concupi-

784 5019 987 5074 scentia
1020 5018 1118 5073 hoc
1146 5020 1548 5076 contubernium
1580 5018 1848 5073 conciliat.

857 5110 1100 5164 Mulieres
1138 5126 1279 5164 vente
1303 5106 1479 5174 gloria
1507 5112 1720 5180 cupidae.
1752 5140 1824 5151 —
1844 5111 1973 5165 Nam
2002 5126 2150 5165 vanae
2178 5113 2360 5181 glori-.e

783 5203 1031 5272 cupidum
1078 5218 1226 5271 paene
1268 5219 1425 5257 ornne
1463 5203 1735 5256 hominum
1775 5218 1943 5272 genus
1986 5211 2087 5269 est,
2132 5204 2360 5258 maxime

784 5304 959 5349 autem
988 5296 1264 5349 muliebre.
1290 5294 1415 5349 Nam
1437 5309 1558 5348 cum
1578 5310 1746 5365 neque
1762 5310 1895 5363 Opus
1919 5294 2145 5349 habeant
2163 5294 2357 5363 quiete,

787 5389 926 5442 sicut
953 5387 1275 5441 declaratum
1303 5396 1403 5448 est,
1448 5401 1619 5455 neque
1648 5401 1767 5439 cum
1804 5386 1931 5453 ipsis
1966 5401 2076 5439 rem
2110 5384 2357 5451 habeant,

787 5478 1123 5532 manifestum
1148 5477 1286 5546 quod
1313 5479 1415 5530 hoc
1448 5478 1618 5530 solum
1666 5476 1926 5545 reliquum
1959 5484 2040 5531 est
2080 5475 2355 5543 suspicari.

857 5569 908 5624 6.
952 5570 1210 5634 Quoniam
1252 5568 1406 5637 igitur
1433 5570 1566 5622 hanc
1609 5568 1729 5621 tnali
1761 5567 1992 5621 radicem
2040 5566 2356 5633 invenimus,

787 5660 882 5730 age
906 5672 1097 5715 emtera
1123 5676 1226 5715 non
1250 5661 1701 5731 reprehendamus
1726 5676 1740 5723 ;
1770 5660 2149 5714 admoneamus
2177 5670 2358 5715 autem

791 5761 837 5805 et
866 5754 1297 5820 persuadeamus,
1337 5749 1475 5820 quod
1521 5750 1656 5804 sicut
1695 5751 1795 5805 viri
1823 5752 1909 5820 qui
1946 5752 2249 5808 cohabitant
2278 5753 2355 5805 vi-

1490 371 1548 425 S.
1580 371 1856 428 JOANNIS
1894 373 2366 430 CIIRYSOSTOMI
2407 374 2721 429 ARCIIII'IP.
2765 373 3300 431 CONSTANTINOP.

3950 377 4016 434 52
4029 381 4055 433 ι

2470 484 2662 541 dentur
2682 486 2894 556 quidem
2923 486 3195 555 voluptate
3219 484 3343 553 frui,
3367 485 3556 555 majori
3579 496 3757 541 autem
3789 497 4061 543 tormento

2470 577 2768 634 subdantur
2798 577 3018 649 (etenim
3044 578 3156 633 sola
3185 593 3314 647 pura
3344 587 3399 632 et
3436 576 3606 632 solida
3636 578 3907 645 voluptas,
3935 594 4059 648 qua:

2472 682 2567 736 per
2590 667 3065 738 sequestrationem
3086 666 3191 738 est)
3220 684 3233 720 :
3264 667 3342 721 sic
3368 667 3548 737 utique
3572 677 3812 727 etcausa
3841 667 4058 722 illarum

2473 758 2648 813 habet.
2694 760 2916 815 Videtur
2966 760 3203 830 quidem,
3257 767 3313 813 ut
3354 758 3482 828 ipsa:
3534 760 3841 828 opinantur,
3887 760 4058 828 gloria

2471 851 2645 919 aliqua
2675 850 2799 905 hinc
2824 859 2878 905 et
2905 851 3121 905 claritas
3148 852 3328 913 nasci;
3358 853 3402 905 si
3430 859 3606 903 autem
3632 849 3915 919 diligenter
3942 850 4064 918 quis
4121 863 4126 865 ·

2472 941 2801 1010 exquisierit,
2850 941 3007 1012 plena
3065 952 3118 995 et
3165 940 3361 994 referta
3413 948 3496 995 est
3538 941 3669 1005 risu,
3719 939 4058 996 confusione.

2473 1028 2776 1098 opprobriis
2803 1037 2857 1084 et
2874 1028 3115 1084 extrema
3142 1029 3451 1099 ignominia.
3481 1030 3545 1084 Et
3568 1029 3635 1085 de
3660 1029 3743 1083 his
3769 1029 3913 1083 dicta
3938 1040 4064 1084 sunt

2475 1119 2526 1173 in
2555 1118 2814 1188 principio
2841 1134 3026 1187 pauca,
3053 1118 3297 1174 dicentur
3326 1130 3503 1176 autem
3548 1128 3602 1175 et
3646 1136 3808 1174 nunc.
3843 1120 3925 1174 Sit
3967 1121 4067 1189 igi-

2476 1217 2560 1261 tur
2578 1209 2669 1277 qui
2696 1209 2986 1275 cohabitat,
3015 1209 3059 1263 si
3086 1208 3238 1274 velis,
3268 1223 3376 1264 non
3403 1208 3594 1279 aliquis
3624 1209 3741 1262 vilis
3770 1224 3944 1278 neque
3971 1208 4068 1260 ab—

2472 1297 2770 1366 jectus,sed
2792 1298 2884 1369 qui
2913 1298 3132 1352 multam
3158 1299 3209 1352 in
3230 1296 3467 1352 Ecclesia
3494 1296 3805 1367 dignitatem
3837 1297 4062 1361 habeat,

2473 1396 2527 1442 et
2569 1389 2638 1443 ob
2671 1390 2881 1458 generis
2920 1387 3313 1453 claritudinem,
3371 1398 3426 1442 et
3480 1388 3551 1443 ob
3598 1387 3960 1457 eloquentiam
4011 1397 4071 1442 et

2472 1480 2722 1550 pietatem
2753 1480 3081 1534 admirabilis
3110 1481 3179 1533 sit
3204 1479 3474 1543 omnibus,
3507 1478 3680 1547 sitque
3706 1477 4069 1547 undequaque

2472 1570 2675 1635 clarus;
2710 1583 2879 1640 neque
2924 1568 3008 1623 vel
3050 1568 3125 1622 sic
3154 1568 3347 1636 poterit
3378 1567 3521 1621 illam
3550 1566 3726 1623 facere
3757 1566 3959 1620 claram
4005 1582 4069 1620 ac

2474 1659 2767 1730 probatam.
2793 1658 3027 1714 Gloriam
3049 1657 3189 1713 enim
3214 1657 3489 1711 habiturus
3508 1656 3768 1726 quispiam
3791 1671 3856 1710 ex
3884 1657 4067 1710 amici.

2473 1750 2542 1803 tia
2571 1765 2694 1819 erga
2722 1750 2975 1819 aliquem,
3000 1749 3141 1803 illius
3168 1748 3390 1818 gloriam
3418 1748 3565 1818 prius
3583 1746 3855 1802 custodire
3880 1747 4066 1813 debet,

2470 1840 2558 1909 qui
2575 1840 2773 1907 przcbet
2791 1848 2845 1893 ut
2861 1838 3185 1909 glorificctur
3200 1855 3213 1904 ;
3229 1853 3349 1892 nam
3366 1838 3407 1891 si
3423 1838 3559 1892 illius
3574 1837 3740 1909 gloria
3753 1837 4065 1901 olfenditur,

2472 1930 2638 1983 multo
2652 1930 2817 2000 magis
2836 1944 2984 1984 suam
3001 1930 3164 1998 ipsius
3174 1929 3395 1999 gloriam
3410 1927 3606 1997 dejicit.
3621 1927 3753 1981 Nam
3767 1929 3907 1981 sicut
3919 1928 4070 1982 fonte

2470 2030 2738 2088 corrupto,
2770 2030 2822 2074 et
2842 2036 2960 2091 qua:
2980 2020 3103 2074 inde
3118 2028 3335 2075 manant
3353 2018 3548 2073 ﬂuenta
3569 2018 3898 2086 corruptioni
3917 2033 4070 2072 com-

2470 2110 2762 2178 municant,
2791 2119 2844 2165 et
2869 2109 3046 2165 radice
3065 2119 3311 2179 corrupta
3336 2109 3502 2163 multo
3525 2108 3691 2178 magis
3718 2111 3919 2162 fructus
3939 2125 4069 2162 cor-

2471 2210 2813 2270 rumpentur:
2833 2201 2911 2255 sic
2926 2210 2980 2255 et
2997 2214 3160 2265 nunc,
3181 2200 3226 2253 si
3244 2200 3289 2254 is
3305 2200 3395 2269 qui
3408 2200 3664 2268 virginem
3682 2199 3881 2253 claram
3905 2198 4071 2253 factu~

2472 2307 2559 2344 rus
2585 2302 2665 2344 est
2692 2291 2781 2345 fiat
2809 2291 3063 2347 ridiculus
3096 2291 3165 2346 ob
3207 2290 3677 2355 eohabitationem,
3708 2290 3820 2357 ipsa
3850 2304 4069 2358 quoque

2468 2391 2592 2434 ante
2627 2381 2772 2435 illum
2801 2391 2854 2435 et
2881 2396 3000 2435 cum
3033 2381 3123 2435 illo
3161 2380 3458 2445 ridebitur;
3486 2388 3541 2435 et
3576 2380 3621 2435 si
3657 2380 3864 2434 mulieri
3896 2390 4066 2433 antea

2468 2472 2749 2541 contigerit
2774 2473 2940 2542 gloria
2970 2473 3106 2527 bona
3128 2473 3266 2543 apud
3292 2473 3506 2534 multos,
3531 2487 3649 2527 eam
3677 2482 3852 2525 tamen
3880 2474 4067 2526 statim

2470 2563 2738 2631 ingressus
2778 2563 2865 2617 ille
2908 2563 3070 2618 domo
3115 2563 3321 2633 ejiciet;
3364 2572 3566 2617 tantum
3606 2563 3758 2616 abest
3803 2571 3858 2615 ut
3900 2562 4069 2616 aliam

2467 2666 2647 2706 secum
2675 2651 2862 2705 atterat
2891 2670 2903 2704 :
2936 2668 2999 2707 ac
3028 2653 3149 2707 licet
3176 2653 3336 2707 etiam
3376 2653 3488 2721 ipse
3520 2652 3713 2706 hibeat
3740 2652 3899 2705 talem
3927 2653 4019 2705 exi
4039 2682 4061 2691 —

2469 2743 2851 2806 stimationem,
2884 2743 3024 2812 idem
3066 2744 3142 2797 illi
3184 2745 3476 2814 continget.
3518 2743 3632 2797 Non
3666 2744 3822 2812 igitur
3859 2742 4061 2797 famam

2470 2835 2617 2888 vobis
2645 2835 2835 2888 bonam
2867 2835 3078 2889 adducit
3103 2835 3219 2890 hmc
3243 2836 3595 2901 consuetudo,
3619 2836 3711 2889 sed
3735 2849 3851 2888 eam
3881 2834 4065 2888 aufert

2467 2940 2625 2995 quam
2659 2926 2951 2990 habebatis,
2982 2935 3034 2981 et
3064 2926 3255 2979 malam
3290 2926 3507 2995 insuper
3535 2925 3731 2978 conﬁat
3758 2940 3914 2994 quam
3948 2940 4063 2978 non

2469 3016 2764 3070 habebatis.
2804 3018 2867 3070 Et
2895 3016 3036 3085 quod
3065 3016 3130 3071 de
3159 3015 3358 3070 inda-is
3386 3014 3642 3083 propheta
3678 3014 3824 3075 dicit,
3854 3028 4060 3083 oppor-

2469 3116 2651 3160 tunqu
2697 3116 2781 3161 est
2818 3108 2975 3160 etiam
3024 3121 3165 3160 nunc
3211 3107 3411 3160 dicere.
3454 3104 3515 3159 Si
3560 3104 3769 3156 mutabit
3810 3102 4063 3169 ,ιειΙιίομε

2470 3198 2648 3265 pellem
2690 3214 2855 3262 suam,
2896 3207 2940 3250 et
2985 3196 3175 3263 pardus
3213 3195 3437 3248 maculas
3471 3211 3589 3248 suas
3631 3192 3759 3265 (λεν.
3809 3194 3890 3247 15.
3933 3194 4063 3261 25),

2466 3289 2624 3343 etiam
2653 3288 2740 3356 qui
2770 3288 2959 3340 talibus
2980 3286 3305 3351 cohabitant,
3328 3284 3585 3337 maculam
3609 3283 3745 3337 hanc
3766 3283 4063 3352 aliquando

2467 3379 2734 3445 deponent
2781 3394 2793 3428 :
2846 3377 2923 3429 sic
2972 3374 3417 3444 quemadmodum
3471 3374 3681 3442 corpori
3732 3373 4060 3438 cauterium,

2466 3470 2741 3523 amborum
2794 3466 3174 3520 existimationi
3231 3465 3480 3529 inuritur,
3525 3472 3578 3517 et
3631 3464 3767 3517 bona
3818 3462 4059 3531 ipsorum

2465 3559 2641 3613 omnia
2678 3557 2920 3611 offuscat.
2948 3556 3051 3611 Sed
3092 3555 3227 3609 forte
3256 3555 3477 3623 gloriam
3507 3563 3695 3623 putant
3724 3554 3827 3609 hoc
3856 3555 4059 3623 ipsum,

2465 3649 2727 3717 imperare
2772 3647 2918 3702 viris.
2965 3646 3037 3699 At
3071 3645 3173 3699 hoc
3210 3650 3293 3698 est
3336 3643 3469 3697 mire
3510 3643 3811 3708 ridiculum,
3854 3654 3905 3696 et
3946 3660 4060 3711 quo

2465 3741 2693 3794 maxime
2720 3739 3014 3809 gloriantur
3042 3738 3170 3792 sola:
3201 3736 3527 3791 meretrices.
3562 3736 3842 3791 Mulierum
3872 3736 4061 3805 utique

2465 3833 2751 3887 liberarum
2781 3840 2837 3886 et
2873 3841 3138 3885 castarum
3177 3829 3279 3882 hoc
3306 3843 3409 3882 non
3439 3826 3617 3893 fuerit,
3648 3827 3699 3882 in
3728 3828 3922 3882 talibus
3962 3844 4058 3883 re-

2467 3925 2604 3979 tibus
2634 3923 2895 3980 deliciari.
2932 3922 3197 3988 Quoniam
3241 3931 3294 3975 et
3329 3920 3474 3976 hiuc‘
3497 3922 3691 3976 iterum
3733 3922 3874 3975 aliud
3903 3923 4061 3991 igno-

2465 4018 2641 4071 minim
2669 4023 3062 4091 argumentum,
3096 4021 3151 4069 et
3178 4022 3378 4083 quanto
3406 4016 3575 4083 magis
3610 4015 3874 4084 imperant
3904 4014 4057 4081 viris,

2464 4116 2517 4161 et
2542 4107 2781 4177 graviora
2810 4107 3111 4176 injungunt,
3135 4114 3284 4159 tanto
3311 4105 3478 4174 magis
3499 4105 3702 4173 seipsas
3721 4103 4062 4158 confundunt

2464 4215 2584 4253 cmn
2614 4199 2762 4275 ipsis.
2792 4198 2907 4257 Non
2935 4200 3079 4254 enim
3113 4214 3227 4273 φειδ
3270 4212 3472 4257 servire
3503 4197 3623 4256 facit
3664 4197 3805 4256 vires
3842 4204 4057 4267 mulier,

2464 4300 2555 4353 sed
2585 4316 2700 4367 qum
2725 4309 3018 4360 reveretur,
3044 4298 3291 4350 omnibus
3316 4306 3397 4350 est
3419 4295 3707 4349 reverenda
3725 4304 3778 4347 et
3798 4294 4056 4362 gloriosa.

2465 4392 2515 4443 Si
2548 4400 2720 4443 autem
2756 4407 2858 4443 non
2890 4390 3243 4443 sustinuerint
3276 4389 3389 4442 haec
3419 4398 3599 4440 nostra
3628 4387 3809 4449 verba,
3847 4387 3937 4439 Dei
3969 4386 4055 4439 lex

2465 4482 2747 4535 occluderc
2782 4496 2875 4535 ora
2915 4497 3096 4535 carmn
3149 4489 3342 4550 potest,
3390 4480 3466 4532 sic
3504 4478 3690 4532 dicens
3723 4494 3734 4529 :
3768 4477 3847 4528 Ad
3892 4478 4060 4529 virum

2465 4580 2604 4623 tuum
2621 4571 2873 4623 conversio
2902 4580 3007 4633 tua,
3045 4581 3089 4624 et
3110 4570 3218 4638 ipse
3244 4569 3317 4621 tui
3345 4567 3703 4621 dominabitur.
3732 4564 3897 4634 Caput
3924 4569 4059 4618 enim

2465 4660 2688 4713 mulieris
2718 4660 2791 4712 vir
2817 4658 2965 4731 (Gen.
2991 4660 3042 4715 5.
3076 4660 3163 4714 16.
3197 4660 3246 4713 l.
3279 4657 3397 4713 Cor.
3430 4657 3637 4726 11.5).
3669 4656 3737 4710 Et
3784 4656 3999 4710 aliunde
4026 4671 4060 4711 ο

2466 4751 2643 4804 multis
2682 4750 2815 4805 locis
2841 4749 2959 4819 quis
2988 4750 3089 4804 hoc
3116 4749 3351 4803 inveniet
3389 4748 3466 4802 sic
3495 4747 3699 4815 legibus
3733 4758 3970 4812 cautum,
4004 4756 4061 4802 et

2466 4840 2606 4895 hunc
2652 4841 2781 4894 olim
2820 4843 3001 4895 datum
3042 4855 3162 4894 esse
3202 4837 3471 4893 ordinem.
3520 4837 3702 4906 itaque
3742 4851 3933 4905 magna
3974 4847 4063 4891 est

2467 4930 2697 4997 fmditas,
2728 4932 2771 4986 si
2812 4932 3086 5000 superiora
3128 4930 3254 4984 [iant
3295 4928 3546 4984 inferiora
3569 4967 3584 4993 ,
3614 4936 3774 4995 caput
3802 4927 4059 4981 deorsum

2466 5034 2520 5079 et
2540 5039 2732 5092 corpus
2757 5038 2988 5078 sursum.
3011 5022 3164 5089 Quod
3190 5022 3236 5076 si
3264 5022 3315 5075 in
3339 5020 3540 5089 nuptiis
3563 5021 3663 5074 hoc
3683 5030 3853 5087 turpe,
3889 5020 4062 5072 multo

2466 5114 2634 5183 magis
2660 5116 2713 5168 in
2738 5112 2841 5167 hoc
2861 5112 3154 5178 consortio,
3185 5111 3276 5165 ubi
3306 5126 3410 5166 non
3434 5110 3538 5165 hoc
3564 5110 3734 5164 solum
3762 5124 3923 5179 grave
3949 5118 4057 5173 est,

2466 5204 2603 5274 quod
2627 5204 2695 5257 sit
2715 5203 3065 5272 transgressio
3087 5203 3279 5257 divinae
3302 5202 3451 5270 legis,
3482 5201 3576 5255 sed
3597 5199 3740 5270 quod
3770 5199 4058 5268 pessimam

2466 5308 2520 5352 et
2547 5298 2755 5352 mulieri
2786 5307 2839 5351 et
2863 5297 2935 5350 illi
2965 5297 3152 5351 afferat
3178 5295 3392 5350 tamam.
3419 5294 3550 5348 Nam
3577 5294 3624 5349 si
3645 5292 3956 5347 cohabitare
3975 5301 4061 5344 est

2469 5396 2640 5456 turpe,
2672 5387 2839 5441 multo
2870 5387 3037 5456 magis
3057 5386 3451 5441 cohabitantein
3481 5386 3594 5439 viro
3620 5382 3908 5436 dominari.
3941 5380 4057 5433 Non

2467 5481 2606 5533 enim
2639 5479 2989 5548 undequaque
3028 5479 3291 5548 imperare
3334 5476 3547 5531 laudem
3582 5473 3763 5536 habet,
3806 5473 3900 5528 sed
3944 5472 4061 5529 fieri

2467 5582 2640 5641 potest
2677 5581 2736 5626 ut
2771 5570 2860 5640 qui
2901 5571 3193 5640 imperatur
3232 5569 3586 5633 laudabiliter,
3614 5574 3668 5620 et
3705 5566 3794 5635 qui
3828 5565 4061 5632 imperat

2470 5663 2692 5731 turpiter
2718 5671 2857 5733 agat.
2886 5660 3066 5731 Itaque
3104 5662 3147 5715 si
3187 5662 3264 5715 vis
3299 5661 3349 5714 in
3379 5659 3731 5713 admiratione
3771 5672 3893 5711 esse
3920 5658 4062 5725 apud

2473 5755 2633 5822 viros,
2669 5754 2798 5809 nihil
2833 5753 2923 5808 tibi
2949 5766 3231 5808 commune
3262 5750 3467 5805 sitcum
3493 5749 3639 5817 ipsis,
3668 5749 3906 5817 procula
3934 5763 4059 5800 con-
