4264 6312
263 411 370 467 525

257 522 650 593 ἐπιτείνωμεν·
687 523 765 586 εἰς
796 522 906 595 7&9
934 522 1168 596 Χριστὸν
1200 520 1362 576 αὐτὸν
1413 518 1563 592 [258]
1590 517 1842 589 ἁμαρτά-

260 623 375 669 νεις
418 604 644 658 τοιαῦτα
682 604 1161 674 φιλονεικοῦσα.Ἢ
1193 605 1293 657 οὐκ
1340 601 1558 664 ἀκούεις
1605 599 1844 668 συνεχῶς

237 689 323 746 ,ἐν
355 687 453 758 μὲν
491 688 558 756 τῇ
598 686 812 757 Παλαιᾷ
839 686 932 741 τοῦ
967 686 1246 749 Μωῦσέως
1283 686 1532 766 λέγοντος
1567 683 1672 766 ὅτι,
1701 681 1847 746 Θεός

259 771 396 823 ἐστι
432 768 732 838 ζηλωτήςς
770 770 936 824 αὐτοῦ
966 771 1022 824 δὲ
1053 771 1157 834 ὅτι,
1175 765 1468 837 Ἐζήλωκα
1495 766 1610 834 τὴν
1638 765 1846 830 Ἰερου-

262 851 506 920 σαλήικ
539 854 597 906 ἐν
627 852 684 906 δὲ
711 856 777 923 τῇ
803 855 978 924 Καινῇ
1012 853 1106 906 τοῦ
1136 851 1348 928 Παύλου
1377 847 1606 920 βοῶντος
1626 863 1640 877 ·
1668 842 1848 914 Ζηλῶ

241 935 375 1002 ,γὰρ
406 934 565 1003 ὑμᾶς
602 935 749 989 Θεοῦ
781 935 958 1005 ζήλῳ.
993 933 1184 996 Τοῦτο,
1226 935 1273 987 εί
1317 934 1414 987 καὶ
1450 931 1616 1004 μηδὲν
1661 929 1847 999 ἕτερον

177 1082 182 1086 ,
263 1016 413 1081 ἄλλο,
448 1017 629 1072 ἱκανὸν
659 1014 726 1090 ἦν
757 1019 858 1090 τὴν
893 1019 968 1090 μὴ
1006 1018 1211 1088 σφόδρα
1240 1015 1503 1069 νοσοῦσαν
1543 1013 1638 1067 καὶ
1668 1010 1848 1082 ἀπηλ-

261 1101 510 1172 γημένην
558 1102 883 1172 ἐπιστρέψαι
931 1102 1140 1174 ψυχήν·
1185 1098 1330 1153 οὕτω
1358 1099 1466 1168 γὰρ
1507 1095 1736 1166 φοϐερὸν
1765 1093 1845 1155 δν,

262 1185 362 1256 ήδὺ
399 1183 600 1254 μᾶλλόν
639 1185 808 1246 ἐστιν,
837 1185 870 1256 ἢ
905 1184 1155 1257 φοϐερόν.
1185 1184 1260 1237 Οὐ
1291 1181 1400 1252 γὰρ
1424 1181 1490 1236 ἂν
1521 1179 1681 1251 ξῆλός
1717 1192 1847 1231 ποτε

263 1262 493 1334 γένοιτο,
525 1267 598 1338 μὴ
630 1266 838 1338 θερμῆς
865 1283 1011 1331 τινος
1048 1267 1142 1320 καὶ
1180 1265 1409 1336 ζεούσης
1441 1260 1851 1336 προῦποκειμέ-

256 1365 360 1421 νης
386 1348 608 1418 ἀγάπης
627 1367 641 1380 ·
673 1349 813 1403 ὥστε
845 1349 1080 1419 σφοδρᾶς
1124 1348 1220 1402 καὶ
1266 1345 1670 1418 πεπυρωμένης
1707 1342 1842 1412 ἀγά-

263 1447 374 1500 πης
405 1432 499 1484 τοῦ
528 1430 662 1484 θεοῦ
693 1431 784 1485 καὶ
815 1432 998 1500 φιλίας
1031 1431 1332 1503 τεκμήριον
1365 1428 1524 1482 τοῦτό
1560 1429 1728 1480 ἐστιν.
1753 1425 1850 1479 Οὐ-

261 1513 320 1566 δέ
350 1513 460 1583 7&9
490 1512 660 1576 πάθος
688 1514 836 1566 ἐστὶν
859 1516 886 1567 6
911 1513 1072 1584 ζῆλος
1101 1513 1194 1566 ἐπὶ
1219 1512 1376 1574 Θεοῦ,
1418 1508 1555 1564 ἀλλά
1582 1511 1682 1570 τὴν
1706 1507 1848 1578 ἄφαο

261 1611 354 1650 τον
375 1595 539 1648 αὐτοῦ
564 1595 942 1668 φιλοστοργίαν
959 1595 1296 1667 ἑρμηνεῦσαι
1321 1592 1662 1664 βουλόμενος,
1675 1590 1850 1661 τούτῳ

263 1677 524 1741 πολλάκις
563 1678 939 1750 ἀποκέχρηται
982 1677 1062 1748 τῷ
1089 1678 1334 1748 ὀνόματι.
1353 1675 1492 1728 Ἀλλ’
1515 1675 1664 1745 ὅμως
1689 1675 1851 1744 ἡμεῖς

261 1759 310 1811 οἰ
340 1760 544 1831 σφόδρα
571 1760 886 1830 ἀναίσθητοι
915 1761 1052 1832 πρὸς
1094 1759 1191 1824 τὰς
1223 1758 1570 1830 ἀνθρωπίνας
1614 1753 1851 1809 καταπί-

263 1858 473 1910 πτομεν
524 1842 889 1914 συμπαθείας,
916 1842 1012 1896 καὶ
1040 1842 1130 1895 τὸν
1181 1841 1277 1912 μὲν
1314 1839 1488 1903 οὕτως
1520 1838 1678 1910 ήμῶν
1721 1856 1853 1908 σφο-

259 1923 407 1996 δρῶς
430 1923 640 1995 ἐρῶντα
664 1924 1089 1996 καθυϐρίξομεν,
1116 1926 1243 1988 τοὺς
1263 1924 1330 1977 δὲ.
1345 1923 1501 1977 οὐδὲν
1519 1922 1852 1993 δυναμένους

261 2007 545 2078 ὠφελῆσαι
578 2011 740 2062 παντὶ
771 2010 958 2080 τρόπῳ
993 2007 1394 2080 θεραπεύομεν.
1431 2007 1497 2059 Τί
1533 2006 1644 2078 γάρ
1686 2023 1765 2070 σε,
1806 1999 1852 2059 ὧ

260 2091 596 2163 ταλαίπωρε.
619 2093 875 2147 τοσοῦτον
906 2093 1097 2164 ὀνῆσαι
1123 2093 1414 2162 δυνήσεται
1439 2092 1473 2162 ή
1501 2089 1684 2162 ψυχρά
1711 2088 1848 2161 αῦτη

265 2175 594 2244 συνοίκησις,
619 2175 759 2230 ὅσων
792 2177 1044 2231 ὲκὸάλλει
1077 2193 1136 2229 σε
1171 2174 1495 2246 θησαυρῶν;
1529 2175 1731 2228 Σκόπει
1759 2174 1848 2226 δέ·

261 2257 508 2325 Κατάγει
542 2274 600 2310 σε
636 2259 699 2310 ἐκ
732 2259 841 2311 τῶν
869 2257 1133 2331 οὐρανῶν,
1167 2256 1260 2310 τοῦ
1292 2257 1578 2327 νυμφῶνος
1608 2255 1851 2311 ἀπελαύ-

260 2356 342 2392 νει
385 2339 480 2391 τοῦ
533 2339 927 2410 πνευματικοῦ,
961 2339 1309 2410 διαζεύγνυσί
1354 2355 1414 2391 σε
1460 2337 1554 2391 τοῦ
1595 2339 1848 2412 οὐρανίου

262 2423 523 2493 νυμφίου,
559 2424 812 2495 προξενεῖ
835 2424 930 2495 τὴν
957 2419 1224 2480 ἀθάνατον
1255 2427 1496 2490 κόλασιν,
1519 2425 1588 2477 τὰ
1628 2423 1850 2493 βασανι-

264 2508 463 2577 στήρια
490 2504 558 2558 τά
580 2506 734 2569 τέλος
758 2507 858 2559 οὐκ
891 2507 1102 2578 ἔχοντα.
1145 2509 1290 2562 ’Λντὶ
1313 2509 1540 2572 τούτων,
1570 2509 1617 2560 εἰ
1658 2507 1726 2560 τά
1761 2505 1852 2577 μέ-

262 2588 432 2642 ταλλα
478 2589 704 2660 χρυσίου
753 2592 1012 2662 παρεῖχεν
1056 2592 1084 2642 6
1134 2593 1398 2645 συνοικῶν
1442 2590 1631 2660 μυρία,
1667 2590 1714 2640 εί
1739 2587 1848 2640 τῶν

262 2673 669 2742 ἀργυρωνήτων
721 2689 801 2725 σοι
855 2673 1057 2742 μᾶλλον
1099 2675 1356 2728 ὑπέκειτο
1391 2673 1760 2744 ἀνδραπόδων,
1800 2673 1850 2724 εί

259 2757 361 2824 τῆς
393 2755 659 2824 βασιλίδος
685 2756 855 2826 αὐτῆς
887 2757 944 2809 ἐν
971 2757 1175 2811 πλείονί
1211 2776 1268 2812 σε
1300 2761 1394 2812 καὶ
1427 2761 1557 2830 τιμῇ
1584 2759 1678 2811 καί
1722 2759 1852 2810 ἀνα-

263 2839 464 2891 παύσει
496 2839 750 2910 καθίστη,
784 2837 892 2912 ἆρα
918 2842 1016 2911 οὐχ
1046 2841 1122 2904 ὡς
1151 2841 1407 2912 λυμεῶνα
1428 2843 1521 2896 καὶ
1543 2842 1735 2913 ἐχθρὸν
1757 2841 1850 2893 καὶ

266 2923 491 2991 μείζονα
539 2922 1024 2997 ἀφαιρούμενον”ἢ
1071 2924 1304 2988 διδόντα,
1348 2925 1490 2980 οὕτω
1539 2928 1716 2996 μισεῖν
1761 2925 1851 2977 καὶ

262 3009 703 3079 ἀποστρέφεσθαι
733 3009 876 3073 ἐδει;
911 3011 1046 3080 Περί
1073 3012 1183 3064 τῶν
1214 3013 1270 3063 ἐν
1300 3013 1412 3074 τοῖς
1445 3011 1694 3081 οὐρανοῖς
1714 3011 1850 3074 ἀγα-

265 3090 373 3144 θῶν
411 3093 438 3144 ό
470 3092 627 3160 λόγος
669 3110 748 3144 σοι
779 3094 1088 3163 πρόκειται,
1119 3094 1247 3163 περὶ
1272 3094 1369 3164 τῆς
1397 3095 1512 3146 ἐκεῖ
1549 3091 1847 3162 βασιλείας,

264 3177 392 3245 περὶ
429 3179 526 3246 τῆς
552 3176 821 3228 ἀθανάτου
855 3175 1022 3243 ζωῆς,
1054 3177 1180 3245 περὶ
1203 3176 1300 3246 τῆς
1330 3176 1643 3246 ἀπορρήτου
1668 3174 1847 3240 δόξης·

264 3259 330 3310 σὺ
379 3257 437 3309 δὲ
481 3259 684 3326 γηΐνων
721 3257 1084 3328 μνημονεύεις
1116 3257 1480 3328 πραγμάτων,
1508 3257 1603 3310 καὶ
1653 3257 1742 3310 τὸν
1794 3258 1852 3308 ἐν

262 3341 493 3402 ἐκείνοις
541 3342 807 3411 χρήσιμον
853 3335 990 3392 εἶναι
1018 3340 1278 3394 δοκοῦντα
1311 3339 1634 3411 θεραπεύεις
1663 3339 1853 3410 ὥσπερ

262 3424 546 3493 δεσπότην,
578 3424 672 3475 καὶ
715 3424 776 3474 οὐ
813 3424 1076 3493 καταδύῃ,
1107 3423 1228 3476 οὐδὲ
1267 3421 1403 3494 εὐχῃ
1451 3422 1734 3492 διαστῆναί
1771 3439 1852 3474 σοι

260 3508 360 3574 τὴν
401 3507 524 3576 γῆν,
562 3507 656 3558 καὶ
699 3504 873 3569 οὕτως
920 3507 1134 3560 ἐνθένδε
1173 3506 1463 3572 ἀπελθεῖν;
1521 3506 1659 3559 Ἀλλ’
1687 3505 1852 3559 ἀσθέ-

262 3591 413 3642 νειάν
455 3606 544 3658 μοι
590 3588 869 3660 προϐάλλῃ
905 3591 1224 3658 γυναικείας
1254 3589 1490 3659 φύσεως,
1526 3590 1619 3643 καὶ
1654 3589 1852 3661 χρειῶν

263 3671 620 3741 ἀνθρωπίνων
646 3672 980 3741 οἰκονομίαν,
1005 3673 1099 3724 καὶ
1122 3673 1429 3724 ἀνάπαυσιν
1457 3672 1555 3743 τὴν
1584 3672 1726 3725 κατά
1753 3671 1852 3743 τὴν

261 3755 458 3816 οἰκίαν,
493 3753 800 3806 πλάττουσα
829 3758 920 3807 καί
945 3755 1255 3808 συντιθεῖσα
1278 3755 1374 3818 τὰς
1402 3756 1501 3808 οὐκ
1526 3755 1694 3818 οὐσας
1719 3773 1851 3826 προ-

263 3838 475 3905 φάσεις.
495 3837 630 3889 Ἀλλ’
655 3837 764 3890 οὐδ’
794 3837 967 3902 οὕτως
998 3840 1183 3911 λήσεις
1207 3845 1333 3908 τούς
1360 3843 1484 3897 νοῦν
1515 3843 1754 3912 ἔχοντας.
1775 3841 1850 3894 Οὐ

262 3921 370 3992 γάρ
404 3924 574 3986 ἐστιν,
602 3923 702 3975 οὐκ
731 3921 876 3975 ἔστιν
919 3924 1229 3989 ἀνάπαυσις
1279 3929 1312 3997 ή
1359 3924 1852 3994 καταναγκάζουσα

263 4005 500 4058 τοσαῦτα
545 4006 895 4075 ἀσχημονεῖν.
947 4007 1091 4078 Γυνὴ
1147 4009 1274 4079 7&9,
1312 4011 1360 4062 εί
1415 4009 1723 4079 βουληθείη,
1752 4007 1850 4077 οὐχ

210 4154 214 4159 η
265 4090 428 4158 ἑαυτῇ
467 4087 646 4155 μόνον,
677 4087 811 4143 ἀλλά
864 4090 958 4141 καὶ
1006 4091 1217 4161 ἑτέροις
1250 4092 1472 4162 ἀρκέσει
1505 4091 1744 4144 πλείοσιν
1771 4095 1848 4154 εἰς

260 4169 289 4220 ὁ
313 4169 536 4222 ακονίαν
557 4187 570 4200 ·
603 4171 724 4222 ἐπεὶ
753 4173 847 4222 καὶ
871 4169 931 4234 ἐξ
950 4173 1129 4242 ἀρχῆς
1153 4173 1248 4226 τοῦ
1281 4173 1470 4243 ἀνδρὸς
1501 4174 1568 4226 τά
1599 4173 1850 4226 πολιτικά

264 4253 564 4322 πράγματα
600 4253 874 4323 λαχόντος,
907 4254 966 4307 τὸ
1011 4257 1280 4327 οἰκουρεῖν
1325 4257 1462 4328 αὐτὴ
1505 4258 1600 4310 καὶ
1646 4259 1851 4310 οἰκονο-

267 4338 384 4403 μεῖν
403 4338 471 4387 τὰ
496 4335 641 4388 ἔνδον
663 4336 878 4389 ἅπαντα
901 4338 1272 4409 ἐκληρώσατο.
1294 4341 1368 4393 Οὐ
1399 4343 1576 4394 τοίνυν
1606 4341 1821 4394 ἀναπαύ
1836 4369 1852 4378 -

264 4434 400 4479 cam;
449 4419 701 4489 δεόμεναι
753 4418 942 4472 ἕλκετε
993 4423 1119 4484 τοὺς
1165 4422 1364 4493 ἄνδρας
1398 4423 1746 4478 ἔνδον.“Λλλά
1776 4423 1852 4494 τί;

263 4501 429 4570 φησί·
469 4503 724 4572 πορνείας
751 4503 936 4555 ’ένεκεν
967 4506 1060 4557 καὶ
1099 4505 1416 4574 ἀσελγείας;
1459 4508 1600 4576 Ἐγὼ
1633 4509 1730 4577 μὲν
1754 4509 1853 4560 οὐκ

260 4583 326 4637 ἂν
352 4583 561 4653 εἴποιμι
595 4584 772 4646 τοῦτο,
814 4586 888 4654 μὴ
917 4587 1146 4653 γένοιτοί
1179 4589 1313 4641 ἀλλά
1342 4591 1434 4642 καὶ
1463 4593 1574 4652 τοῖς
1603 4590 1852 4657 λέγουσιν

263 4667 530 4736 ἐπιτιμῶν
551 4668 610 4719 οὐ
640 4667 884 4738 παύομαι
907 4687 919 4698 ³
951 4669 1062 4721 είθε
1089 4671 1143 4722 δὲ
1169 4673 1260 4723 καὶ
1294 4675 1478 4725 πεῖσαι
1505 4673 1730 4725 δυνατὸν
1761 4668 1848 4741 ἦν.

263 4746 357 4810 Τίς
385 4744 477 4800 οὐν
508 4751 656 4802 ἐστιν
685 4752 716 4820 ή
754 4750 1026 4820 πρόφασις
1056 4753 1358 4822 ήποθεινὸν
1388 4757 1517 4824 ήμῖν
1539 4755 1597 4806 τὸ
1622 4758 1853 4824 πρᾶγμα

264 4830 524 4895 ποιοῦσα;
560 4832 714 4902 φησί.
750 4833 1069 4899 Κενοδοξίας
1114 4834 1274 4906 ἔρως.
1314 4839 1422 4890 Καὶ
1462 4837 1715 4906 καθάπερ
1759 4837 1854 4889 ἀν-

261 4913 449 4984 δράσιν
482 4916 641 4987 ήδονή
673 4915 860 4987 ψυχρά
899 4920 992 4970 καὶ
1033 4917 1400 4990 ταλαίπωρος,
1431 4921 1572 4973 οὕτω
1603 4921 1695 4972 καὶ
1722 4919 1854 4972 ταύ-

260 5016 383 5061 ταις
406 4999 719 5070 φιλοτιμίας
745 5001 1012 5071 ἐπιθυμία
1048 5000 1144 5075 τὴν
1169 5004 1504 5074 όμοσκηνίαν
1530 5003 1736 5073 ταύτην
1765 5004 1855 5074 ἐρ-

263 5081 509 5148 γάζεται.

335 5185 622 5251 Κενόδοξον
664 5188 760 5257 μὲν
802 5188 970 5248 ἅπαν,
1002 5189 1078 5251 ὡς
1102 5191 1297 5253 εἰπεῖν,
1328 5190 1390 5243 τὸ
1419 5187 1528 5242 τῶν
1549 5188 1854 5258 ἀνθρώπων

266 5267 438 5333 γένος,
473 5269 706 5337 μάλιστα
733 5271 790 5322 δὲ
819 5271 879 5323 τὸ
911 5275 1242 5339 γυναικεῖον·
1264 5274 1391 5326 ὅταν
1416 5274 1523 5344 7&9
1551 5275 1687 5344 μήτε
1724 5273 1853 5324 ἀναέ

262 5351 516 5415 παύσεως
565 5353 813 5417 δέωνται,
845 5355 1096 5426 καθάπερ
1139 5357 1534 5420 ἀποδέδεικται,
1571 5357 1708 5426 μήτε
1735 5356 1847 5408 δια.

265 5432 592 5503 φθείρωνται
641 5438 756 5505 μετ’
789 5437 989 5500 αὐτῶν,
1023 5437 1244 5509 εὔδηλον
1289 5440 1369 5492 ὅτι
1404 5438 1558 5492 τοῦτο
1605 5438 1852 5492 λείπεται

266 5514 594 5568 ὑποπτεύειν
625 5518 806 5588 μόνον,

341 5649 415 5705 ς’.
451 5642 603 5697 Ἐπεὶ
617 5640 709 5702 οὖν
725 5646 895 5716 αὐτὴν
912 5645 1004 5698 τοῦ
1035 5648 1205 5700 κακοῦ
1231 5649 1331 5720 τὴν
1346 5651 1501 5718 ῥίζαν
1516 5651 1853 5722 εὑρήκαμεν,

265 5724 400 5795 φέρε
436 5726 620 5780 λοιπὸν
663 5729 724 5781 τὸ
769 5730 1026 5798 ἐγκαλεῖν
1071 5731 1320 5800 ἀφέντες,
1353 5734 1711 5804 παραινῶμεν
1762 5735 1856 5785 καὶ

266 5805 416 5877 [259]
455 5810 752 5882 πείθωμεν,
784 5815 865 5865 ὅτι
904 5814 1154 5884 καθάπερ
1184 5815 1290 5867 τῶν
1332 5816 1540 5888 ἀνδρῶν
1586 5819 1631 5868 οἱ
1678 5835 1853 5870 συνοι-

267 5889 486 5953 κοῦντες
545 5894 734 5958 αὐταῖς
803 5895 1018 5949 δοκοῦσι
1076 5898 1172 5967 μὲν
1226 5899 1412 5969 ἡδονὴν
1469 5901 1844 5970 καρποῦσθαι.

266 5971 470 6027 πλείονι
497 5975 550 6029 δὲ
585 5979 989 6048 περιϐάλλονται
1019 5979 1235 6050 βασάνῳ
1269 5981 1381 6037 (καὶ
1413 5982 1515 6054 7&9
1541 5985 1722 6055 ἐκείνη
1755 5987 1841 6055 ενό-

788 411 977 480 ρυου
1010 406 1426 468 ιιεουιΑιιΕδ
1461 405 1740 467 ΡΕΜΙΝ.Ε
1779 405 1844 463 γι

1952 399 2444 468 δεοιιιωιτιικε
2480 405 2620 464 mox
2658 405 2996 489 malum.

3425 406 3531 465 524

1947 533 2014 586 νη
2045 515 2266 589 καθαρά
2303 517 2502 587 γένοιτ’
2531 519 2598 574 ἂν
2627 519 2796 592 ἡδονὴ
2836 521 2931 576 καὶ
2968 520 3217 591 μόνιμος,
3247 519 3280 591 ἡ
3305 519 3396 576 τοῦ
3427 538 3536 593 χω-

1947 598 2145 670 ρισμοῦ
2163 609 2204 668 ),
2231 599 2374 670 οὕτω
2413 601 2478 673 δὴ
2519 594 2614 656 καὶ
2639 602 2886 667 ταύταις.
2918 604 3078 656 Δοκεῖ
3114 603 3234 673 μὲν,
3260 603 3337 666 ὡς
3367 596 3533 660 αὗται

1946 680 2242 751 νομίζουσι,
2274 679 2402 748 δόξα
2429 701 2513 747 τις
2540 682 2791 738 ἐντεῦθεν
2837 684 2932 738 καὶ
2983 686 3311 757 περιφάνεια
3351 687 3534 742 τίκτε-

1949 763 2103 818 σθαι·
2139 764 2268 818 είδὶ
2292 765 2534 836 ἀκριϐῶς
2571 784 2656 830 τις
2690 767 2996 840 ἐξετάσειε,
3023 769 3260 838 γέλωτος
3302 769 3398 822 καὶ
3443 772 3530 826 ai-

1949 846 2149 917 σχύνης
2171 848 2266 901 καὶ
2293 848 2510 903 ὀνειδῶν
2540 849 2759 922 καὶτῆς
2785 852 3021 922 ἐσχάτης
3050 851 3388 923 ἐμπίπλαται
3412 853 3535 908 ἀδο-

1950 927 2088 994 ξίας.
2121 932 2232 984 Καὶ
2260 931 2402 1004 ὑπὲρ
2437 931 2643 986 τούτων
2675 932 2892 1004 εἴρηται
2925 935 3026 1005 μὲν
3055 937 3186 1005 ἡμῖν
3225 937 3320 989 καὶ
3354 937 3412 991 ἐν
3441 937 3540 1008 ἀρ-

1947 1013 2018 1096 χῇ
2045 1010 2578 1096 βραχέωείρήσεται
2609 1013 2666 1067 δέ
2700 1013 2796 1068 καὶ
2825 1014 3135 1070 νῦνἚστω
3164 1018 3275 1090 7&9
3299 1020 3328 1071 6
3359 1035 3537 1096 συνοι-

1949 1094 2084 1159 κῶν,
2112 1097 2160 1148 εί
2201 1095 2400 1167 βούλει,
2433 1096 2509 1168 μὴ
2537 1096 2646 1150 τῶν
2677 1096 2911 1151 εὐτελῶν
2935 1116 3038 1165 τις.
3073 1101 3210 1170 μηδέ
3229 1099 3336 1155 τῶν
3361 1094 3538 1175 ἀπερ-

1952 1179 2252 1250 ριμμένων,
2280 1179 2417 1234 ἀλλά
2457 1179 2566 1234 τῶν
2621 1179 2822 1252 πολλήν
2865 1182 2922 1234 ἐν
2968 1182 3264 1256 Ἐκκλησία
3307 1183 3536 1256 δύναμιν
3620 1228 3622 1231 .

1949 1262 2202 1332 ἐχόντων,
2237 1267 2332 1315 καὶ
2365 1262 2460 1316 ἐπὶ
2489 1263 2679 1332 γένους
2706 1264 2762 1318 δὲ
2792 1253 3160 1336 λαμπρότητι,
3190 1253 3284 1319 καὶ
3324 1267 3414 1321 ἐπὶ
3445 1253 3539 1322 λό-

1949 1361 2062 1413 γων
2102 1343 2349 1417 δυνάμει,
2385 1346 2480 1400 καὶ
2513 1345 2773 1418 εὐλαβείᾳ
2799 1346 3166 1418 θαυμαζέσθω
3198 1348 3350 1418 παρὰ
3380 1351 3535 1417 πᾶσι,

1951 1430 2046 1481 καὶ
2078 1429 2418 1499 πανταχόθεν
2443 1429 2582 1483 έστω
2614 1429 2864 1502 λαμπρός
2884 1449 2898 1463 ·
2932 1431 3056 1485 οὐδέ
3082 1430 3224 1485 οὕτω
3249 1432 3538 1503 δυνήσεται

1949 1510 2154 1580 ταύτην
2189 1510 2413 1581 ποιῆσαι
2461 1505 2737 1582 περιφανῆ
2787 1513 2882 1567 καὶ
2932 1514 3238 1584 εὐδόκιμον.
3277 1515 3379 1567 Τὸν
3431 1516 3540 1587 7&9

1956 1591 2218 1663 μέλλοντα
2241 1592 2582 1664 καρποῦσθαι
2606 1593 2762 1658 δόξαν
2794 1596 2858 1649 ἐκ
2892 1597 2991 1666 τῆς
3017 1597 3153 1669 πρός
3183 1614 3305 1651 τινα
3336 1599 3539 1668 muli.

1950 1675 2050 1747 τὴν
2081 1676 2290 1730 ἐκείνου
2325 1677 2482 1742 δόξαν
2527 1672 2794 1748 πρότερον
2824 1678 3112 1748 φυλάττειν
3147 1680 3230 1733 δεῖ
3259 1682 3352 1734 τοῦ
3400 1700 3542 1752 παρ-

1952 1758 2168 1830 έχοντος
2211 1761 2272 1813 τὸ
2322 1758 2671 1826 δοξάζεσθαι·
2708 1760 2785 1821 ὡς
2831 1759 2946 1830 είγε
2989 1762 3161 1833 ταύτῃ
3215 1763 3538 1832 λυμήναιτο,

1953 1842 2133 1914 πολλῷ
2161 1843 2362 1915 μᾶλλον
2395 1843 2462 1897 ἂν
2491 1843 2588 1916 τήν
2617 1843 2813 1898 ἑαυτοῦ
2845 1845 3160 1901 καταϐάλοι.
3183 1847 3397 1920 Ὥσπερ
3433 1847 3543 1919 7&9

1953 1925 2136 1998 πηγῆς
2163 1927 2615 2000 διαφθειρομένης
2661 1927 2757 1982 καὶ
2798 1927 2868 1982 τά
2910 1931 3253 2001 προχεόμενα
3296 1935 3546 1986 κοινωνεῖ

1952 2010 2169 2078 νάματα
2206 2008 2303 2062 τοῦ
2345 2007 2650 2080 μολυσμοῦ,
2685 2009 2781 2063 καὶ
2815 2008 2974 2082 ῥίζης
3005 2012 3320 2084 σηπομένής
3363 2015 3545 2084 πολλῷ

1954 2089 2158 2160 μᾶλλον
2198 2093 2226 2145 6
2265 2092 2476 2163 καρπὸς
2503 2090 2663 2146 τοῦτο
2689 2091 2940 2146 πείσεται
2960 2106 2974 2122 ·
3005 2092 3149 2147 οὕτω
3172 2095 3266 2148 καὶ
3296 2095 3409 2153 νῦν,
3448 2095 3544 2148 τοῦ

1956 2173 2242 2246 μέλλοντος
2267 2173 2367 2246 τὴν
2394 2173 2664 2246 παρθένον
2702 2174 2977 2228 δεικνύναι
3007 2174 3289 2247 λαμπρὰν,
3317 2179 3546 2248 γενομέ-

1951 2273 2044 2311 νου
2096 2255 2501 2325 καταγελάστου
2551 2256 2638 2310 διά
2685 2257 2786 2328 τῆς
2835 2261 3220 2328 συνοικήσεως,
3257 2260 3396 2330 αὐτὴ
3440 2261 3548 2330 πρὸ

1952 2340 2162 2394 ἐκείνου
2188 2333 2530 2410 μετ’³ἐκείνου
2555 2341 2874 2412 κοινωνήσει
2897 2340 2992 2395 τοῦ
3009 2341 3268 2409 γέλωτος·
3287 2342 3388 2396 κᾶν
3405 2343 3546 2416 τύχῃ

1949 2439 2034 2486 τις
2058 2426 2125 2494 τῇ
2156 2423 2390 2492 γυναικὶ·
2421 2423 2632 2495 χρηστὴ
2665 2423 2818 2495 παρά
2870 2425 3084 2488 πολλοῖς
3115 2427 3544 2498 προϋπάρχουσα

1949 2504 2098 2570 δόξα,
2114 2506 2210 2559 καὶ
2227 2504 2432 2576 ταύτην
2449 2506 2707 2560 εἰσελθὼν
2723 2508 2931 2571 ἐκεῖνος
2946 2507 3208 2561 ἀπελάσει
3231 2510 3324 2578 τῆς
3346 2510 3544 2575 οἰκίας,

1951 2588 2206 2641 τοσοῦτον
2255 2588 2450 2660 ἀπέχει
2502 2589 2596 2645 καὶ
2658 2589 2852 2661 ἑτέραν
2886 2590 3203 2662 προσθεῖναι
3244 2594 3404 2664 αὐτῇ·
3441 2595 3546 2648 κᾶν

1953 2670 2115 2734 αὐτὸς
2140 2671 2239 2744 ἔχῃ
2262 2671 2423 2726 πάλιν
2447 2672 2702 2744 τοιαύτην
2736 2672 3023 2744 ὑπόληψιν,
3059 2673 3217 2726 τοῦτο
3253 2677 3345 2728 καὶ
3384 2677 3547 2740 αὐτὸς

1953 2753 2220 2806 πείσεται.
2254 2756 2369 2807 Οὐκ
2403 2755 2511 2825 ἀρα
2542 2755 2700 2821 δόξαν
2745 2756 2870 2826 ὑμῖν
2915 2757 3158 2827 χρηστὴν
3191 2759 3547 2829 προστίθησιν

1951 2836 2088 2906 αῦτη
2125 2839 2158 2908 ή
2195 2839 2449 2891 κοινωνία
2475 2838 2577 2909 τῆς
2611 2839 2994 2910 συνοικήσεως,
3030 2839 3166 2892 ἀλλά
3204 2841 3292 2892 καὶ
3325 2841 3421 2912 τὴν
3453 2839 3546 2896 οῦ-

1954 2935 2052 2975 σαν
2086 2921 2318 2992 ἀναιρεῖ,
2355 2922 2448 2975 καὶ
2473 2922 2571 2993 τὴν
2599 2922 2698 2975 οὐκ
2725 2917 2892 2975 οὖσαν
2936 2924 3133 2991 ἐπάγει
3177 2923 3275 2994 τὴν
3304 2927 3549 2996 πονηρὰν

1952 3004 2304 3075 ἀμφοτέροις,
2356 3006 2464 3059 Καὶ
2507 3005 2534 3057 6
2582 3005 2852 3077 περὶτῶν
2895 3006 3163 3060 Ἰουδαίων
3199 3010 3226 3060 ὁ
3262 3011 3548 3079 προφήτης

1953 3082 2123 3148 εἶπεν,
2157 3085 2413 3156 εὐκαιρον
2454 3086 2548 3140 νῦν
2595 3089 2790 3140 εἰπεῖν·
2836 3089 2906 3140 El
2950 3086 3279 3152 ἀλλάξεται
3330 3093 3549 3160 Αἰθίοψ

1953 3170 2017 3220 τὸ
2052 3166 2237 3236 δέρμα
2259 3168 2468 3233 αὐτοῦ,
2497 3167 2595 3222 καὶ
2624 3167 2920 3235 πάρδαλις
2951 3169 3024 3222 τὰ
3055 3172 3418 3239 ποικίλματα
3441 3177 3548 3227 αὺ-

1953 3247 2084 3316 τῆς,
2122 3249 2218 3302 καὶ
2243 3251 2290 3302 ci
2317 3249 2544 3314 ταύταις
2583 3249 2956 3314 συνοικοῦντες
2981 3251 3078 3322 τὴν
3116 3253 3306 3324 κηλῖδα
3340 3255 3548 3327 ἀποθήοι

1955 3331 2138 3384 σονταί
2168 3351 2298 3386 ποτε
2330 3333 2552 3404 ταύτην·
2578 3332 2741 3396 οὓτω,
2781 3334 3033 3405 καθάπερ
3066 3353 3149 3398 τις
3194 3339 3406 3408 καυτὴρ
3439 3340 3548 3392 σῶ-

1957 3431 2106 3484 ματι,
2134 3417 2253 3478 ταῖς
2281 3416 2605 3486 ἀμφοτέρων
2632 3416 2964 3486 ὐπολήψεσιν
3007 3419 3287 3486 ἐγκαίεται
3332 3422 3548 3474 ἐπισκο-

1951 3497 2119 3551 τοῦσα
2171 3501 2336 3552 πᾶσιν
2391 3499 2569 3552 αὐτῶν
2612 3501 2726 3563 τοῖς
2772 3501 2978 3563 καλοῖς.
3038 3503 3177 3555 Ἀλλ’
3213 3503 3342 3568 ἴσως
3391 3505 3548 3571 δόξαν

1954 3580 2212 3649 ἡγοῦνται
2247 3582 2378 3634 αὐτὸ
2417 3581 2573 3635 τοῦτο
2622 3582 2682 3634 τὸ
2726 3585 3131 3654 κεκρατηκέναι
3173 3587 3280 3638 τῶν
3313 3587 3544 3658 ἀνδρῶν.

1965 3660 2104 3713 Ἀλλ’
2135 3654 2290 3726 οὗτός
2319 3665 2466 3716 ἐστιν
2506 3665 2534 3716 6
2573 3663 2739 3727 πολύς
2773 3665 2966 3732 γελως,
2999 3667 3093 3719 καὶ
3137 3661 3181 3734 ᾧ
3214 3654 3448 3736 μάλιστα
3490 3675 3548 3722 αἱ

1952 3743 2354 3814 ἑταιριζόμεναι
2382 3745 2882 3812 ἐγκαλλωπίζονται
2915 3749 3094 3818 μόναι.
3128 3751 3262 3802 Οὐδὲ
3301 3751 3408 3820 7&9
3445 3769 3546 3820 γυ-

1952 3825 2154 3880 ναικῶν
2189 3827 2487 3898 ἐλευθέρων
2506 3829 2628 3881 οὐδὲ
2661 3829 2954 3899 σωφρόνων
2983 3830 3044 3882 τὸ
3070 3831 3278 3895 τούτοις
3313 3833 3548 3904 ἐναϐρύ-

1953 3908 2139 3961 νεσθαι
2184 3912 2298 3973 τοῖς
2339 3909 2598 3974 δικτύοις.
2652 3911 2807 3964 Ἐπεὶ
2861 3912 2957 3967 καὶ
3004 3913 3142 3985 αὕτη
3183 3913 3344 3968 πάλιν
3387 3916 3549 3986 ἑτέρα

1952 3991 2178 4061 ἀτιμίας
2228 3992 2501 4056 ὑπόθεσις,
2545 3993 2638 4047 καὶ
2671 3994 2890 4065 ὅσῳπερ
2929 3995 2993 4048 ἂν
3022 3997 3266 4067 κρατῶσι
3306 3999 3415 4051 τῶν
3457 4002 3549 4052 ἀν-

1951 4073 2113 4145 δρῶν,
2145 4075 2237 4127 καὶ
2267 4075 2624 4148 χαλεπώτερα
2669 4079 3023 4143 ἐπιτάττωσι,
3070 4079 3309 4150 τοσούτῳ
3347 4082 3548 4149 μᾶλλον

1953 4158 2153 4220 ἑαυτάς
2176 4159 2597 4229 καταισχύνουσι
2629 4161 2747 4230 μετ’
2783 4161 3027 4217 ἐκείνων.
3062 4163 3196 4215 Οὐδέ
3223 4164 3329 4234 γάρ
3366 4167 3398 4236 ή
3427 4166 3549 4218 δου-

1951 4240 2185 4312 λουμένη
2227 4244 2354 4305 τοὺς
2401 4242 2599 4314 ἄνδρας
2632 4244 2792 4316 γυνὴ.
2841 4243 3009 4314 ἀλλ’ἢ
3046 4245 3359 4318 αἰδουμένη,
3405 4247 3544 4320 αὕτη

1952 4323 2119 4376 πᾶσίν
2147 4326 2294 4376 ἐστιν
2319 4323 2598 4394 αἰδέσιμός
2629 4342 2690 4378 τε
2717 4327 2811 4380 καὶ
2833 4326 3094 4392 ἐπίδοξος.
3134 4328 3195 4381 Εἰ
3228 4328 3284 4380 δὲ
3318 4331 3417 4382 οὐκ
3454 4332 3548 4384 ἀν-

1954 4406 2161 4474 έχοιντο
2194 4407 2302 4458 τῶν
2343 4408 2604 4476 ῥημάτων
2631 4408 2738 4461 τῶν
2767 4409 3073 4479 ἡμετέρων,
3107 4411 3135 4462 ό
3176 4409 3271 4462 τοῦ
3297 4411 3430 4464 Θεοῦ
3461 4414 3548 4465 νό-

1957 4507 2056 4558 μος
2105 4490 2277 4554 αὐτὰς
2326 4492 2676 4562 ἐπιστομίσαι
2739 4493 3046 4564 δυνήσεται,
3109 4493 3282 4562 λέγων
3335 4495 3542 4560 οὕτως·

1954 4571 2111 4637 Πρὸς
2135 4575 2240 4625 τόν
2267 4572 2454 4642 ἄνδρα
2488 4590 2605 4628 σου
2637 4575 2675 4643 ἡ
2697 4575 3052 4644 ἀποστροφή
3078 4593 3214 4640 σου,
3238 4579 3334 4631 καὶ
3363 4581 3547 4644 αὐτός

1953 4669 2070 4706 σου
2099 4656 2422 4722 κυριεύσει·
2454 4657 2688 4726 κεφαλὴ
2712 4659 2823 4726 γὰρ
2848 4658 3134 4728 γυναικὸς
3168 4663 3200 4713 ὀ
3232 4661 3406 4728 ἀνήρ.
3435 4663 3546 4715 Καὶ

1955 4738 2218 4810 ἑτέρωθεν
2251 4739 2308 4791 δὲ
2347 4737 2496 4810 εὖροι
2525 4757 2610 4804 τις
2637 4742 2703 4794 ἂν
2732 4741 3061 4812 πολλαχόθεν
3094 4743 3252 4796 τοῦτο
3289 4744 3433 4797 οὐτω
3461 4763 3546 4798 νε-

1955 4822 2300 4894 νομισμένον,
2361 4823 2457 4876 καὶ
2503 4823 2707 4895 ταύτην
2757 4826 2962 4880 ἄνωθεν
3002 4823 3169 4880 οὖσαν
3222 4829 3323 4897 τὴν
3369 4828 3540 4894 τάξιν.

1958 4907 2118 4957 Ὥστε
2150 4905 2504 4977 ἀσχημοσύνη
2543 4907 2776 4977 μεγάλη,
2805 4908 2933 4961 ὅταν
2968 4908 3035 4962 τὰ
3060 4910 3171 4963 ἄνω
3202 4911 3350 4963 κάτω
3380 4911 3544 4981 γένη-

1954 5005 2065 5052 ται,
2095 4987 2246 5041 κάτω
2281 4988 2380 5058 μὲν
2407 4991 2438 5058 ἡ
2471 4988 2702 5060 κεφαλὴ,
2735 4990 2795 5042 τὸ
2825 4990 2881 5043 δὲ
2913 4991 3070 5062 σῶμα
3100 4993 3230 5046 ἀνω.
3266 4994 3328 5046 EE
3359 4994 3416 5047 δὲ
3451 4994 3542 5045 ἐπὶ

1955 5070 2132 5141 γάμου
2161 5070 2316 5124 τοῦτο
2355 5071 2598 5143 αἰσχρὸν,
2639 5072 2820 5143 πολλῷ
2849 5074 3048 5145 μᾶλλον
3086 5075 3408 5144 ἐπὶοταύτης
3444 5076 3545 5144 τῆς

1957 5150 2239 5221 συζυγίας,
2264 5153 2393 5206 ἔνθα
2420 5155 2480 5207 οὐ
2507 5153 2664 5207 τοῦτο
2694 5155 2856 5225 μόνον
2891 5158 3006 5210 ἐστὶ
3030 5159 3091 5211 τὸ
3119 5158 3310 5222 δεινὸν,
3344 5159 3427 5212 ὅτι
3458 5161 3545 5212 v6-

1959 5255 2059 5307 μου
2086 5237 2398 5308 παράϐασίς
2431 5240 2544 5290 ἐστι
2572 5239 2632 5290 τὸ
2661 5239 2945 5310 γινόμενον
2974 5240 3139 5304 θείου,
3171 5241 3286 5295 ἀλλ’
3330 5243 3412 5294 ὅτι
3445 5258 3544 5295 πο-

1956 5322 2257 5392 νηροτέραν
2284 5323 2376 5374 καὶ
2399 5321 2576 5394 ἐαυτῷ
2612 5320 2762 5394 [260]
2795 5325 2888 5376 καὶ
2916 5327 2979 5394 τῇ
3009 5325 3228 5391 γυναικὶ
3262 5324 3545 5395 περιτίθη-

1959 5422 2009 5456 σι
2037 5403 2212 5469 δόξαν.
2245 5405 2306 5455 Εἰ
2341 5404 2450 5475 7&9
2473 5405 2533 5457 τὸ
2557 5408 2826 5457 συνοικεῖν
2856 5405 3100 5476 αἰσχρὸν,
3139 5407 3317 5475 πολλῷ
3343 5407 3546 5476 μᾶλλον

1953 5488 2014 5540 τὸ
2063 5487 2410 5540 συνοικοῦσαν
2448 5486 2786 5541 δουλοῦσθαι·
2837 5489 2957 5541 οὐδέ
3003 5489 3110 5556 γάρ
3162 5491 3438 5560 πανταχοῦ
3485 5491 3546 5544 τὸ

1960 5571 2177 5636 κρατεῖν
2236 5569 2456 5621 ἔπαινον
2495 5570 2670 5641 φέρει,
2712 5570 2826 5622 ἀλλ’
2856 5571 2968 5626 ἔστι
2998 5574 3093 5626 καὶ
3131 5573 3207 5643 μὴ
3241 5573 3544 5644 κρατοῦντα

1957 5651 2282 5722 εὐδοκιμεῖν,
2355 5654 2448 5705 καὶ
2500 5653 2808 5724 κρατοῦντα
2869 5656 3220 5726 ἀσχημονεῖν.
3265 5659 3450 5719 Ὥστε,
3493 5661 3542 5710 εἰ

1959 5733 2138 5803 βούλει
2161 5734 2534 5804 θαυμάζεσθαι
2575 5737 2723 5806 παρά
2761 5737 3012 5808 ἀνδράσι,
3049 5741 3215 5810 μηδὲν
3243 5757 3324 5792 σοι
3369 5741 3544 5793 κοινδν

1961 5818 2101 5870 έστω
2127 5818 2263 5887 πρὸς
2287 5817 2501 5881 αὐτούς·
2537 5819 2725 5890 πόρῥω
2757 5821 2850 5895 καὶ
2889 5823 3191 5885 συνουσίας,
3228 5825 3320 5876 καὶ
3349 5823 3548 5891 ὅλᾷεως,

1960 5900 2050 5954 καὶ
2083 5901 2444 5969 συνοικήσεως
2482 5902 2632 5968 γίνου
2661 5903 2756 5970 τῆς
2792 5904 3032 5958 ἐκείνων,
3061 5907 3192 5958 Τότε
3225 5923 3278 5957 σε
3319 5907 3410 5958 καί
3452 5925 3551 5974 γυ-

1958 5986 2139 6046 ναῖκες
2176 5983 2630 6055 Ξκπλαγήσυνῖαι,
2661 5989 2748 6039 καῖ
2779 5987 2966 6059 ἄνδρες
3003 5991 3376 6060 θαυμιᾶιςονται
3419 5993 3550 6048 nim
