4264 6312
752 365 861 424 εει

744 494 839 546 τος
868 478 1003 551 όμοῦ
1040 480 1133 534 ac;
1169 482 1429 553 παρθένον
1452 476 1636 547 οὖσαν,
1674 482 1766 534 καὶ
1798 480 1876 552 τῷ
1910 478 2128 551 νυμφίῳ
2150 496 2317 550 προσ-

750 563 1073 635 εδρεύουσαν
1102 562 1547 633 ἀπερισπάστως·
1578 559 1700 617 τότε
1730 579 1789 616 σε
1814 564 1913 633 οὐχ
1936 564 1985 616 οἰ
2006 564 2195 616 οἰκεῖοι
2228 561 2324 632 μό-

747 661 857 709 νον,
888 645 1024 699 ἀλλά
1068 646 1161 699 καί
1192 642 1471 714 Ἕλληνες,
1520 646 1615 699 καὶ
1666 646 1930 706 Ἰουδαῖοι,
1976 645 2069 698 καί
2110 646 2217 697 πᾶν
2265 646 2326 697 τ’)

718 726 855 779 ’τῶν
891 726 1193 799 ἀνθρώπιον
1228 727 1546 794 ἀποδέξεται
1574 728 1749 797 γένος.
1775 729 1934 782 Ὥστε
1964 729 2013 780 εἰ
2040 727 2196 792 δόξαν
2228 728 2325 796 ζη-

750 808 886 871 λυτς,
921 809 1124 881 ταύτην
1165 810 1313 862 ὅδευε
1346 810 1446 881 τὴν
1482 810 1619 875 ὁδὸν,
1660 811 1734 881 μὴ
1766 810 1862 880 τὴν
1900 809 2165 863 ἐναντίαν·
2204 810 2326 863 τότε

748 906 810 944 σε
839 891 1019 944 ούκέτι
1050 891 1150 961 τὴν
1197 890 1291 943 τοῦ
1329 892 1500 955 δεῖνος
1538 892 1823 945 καλέσουσι
1874 892 1969 945 καὶ
2012 891 2106 945 τοῦ
2137 891 2325 955 δεῖνος,

745 972 882 1025 ἀλλά
920 972 1017 1043 τὴν
1044 972 1135 1025 τοῦ
1159 973 1416 1043 Χριστοῦ·
1456 973 1647 1027 τούτου
1678 975 1734 1026 δὲ
1764 975 1966 1043 κόσμος
2002 974 2187 1046 ἕτερος
2217 974 2329 1037 ἶσος

744 1056 847 1109 οὐκ
876 1056 940 1109 ἄν
976 1055 1057 1107 σοί
1084 1073 1213 1108 ποτε
1241 1058 1463 1126 γένηται
1491 1056 1618 1127 παρ’
1643 1057 1874 1119 οὐδενός.
1905 1053 1979 1109 Ἦ
2013 1056 2182 1126 μικρά
2207 1056 2329 1109 ταῦ·

743 1152 831 1191 τα.
862 1134 983 1190 εξπὲ
1029 1155 1138 1205 μοι,
1177 1138 1297 1191 καθ’
1330 1140 1575 1210 ἑκάστην
1617 1139 1854 1210 ᾀδόμενά
1880 1156 1938 1191 τε
1975 1140 2067 1192 καὶ
2102 1156 2329 1209 περιφε-

747 1219 951 1289 ρόμενα
983 1220 1080 1293 τὴν
1111 1221 1343 1291 ἡμέραν,
1389 1222 1482 1274 καί
1533 1223 1591 1273 ἐν
1642 1223 1837 1292 ἀγορᾷ,
1869 1222 1963 1275 καὶ
2006 1224 2063 1274 ἐν
2102 1222 2323 1287 οἰκίαις,

745 1302 842 1354 καί
866 1302 925 1352 ἐν
948 1302 1163 1371 έτὲραις
1182 1302 1419 1367 πόλεσιν,
1450 1303 1512 1356 Ἦ
1528 1303 1696 1364 δεῖνα,
1729 1304 1862 1374 κόρη
1880 1321 1937 1357 τε
1962 1299 2095 1356 οῦσα
2121 1304 2212 1357 καί
2231 1303 2328 1357 νέα

743 1382 943 1454 κομιδῇ
970 1385 1062 1436 καὶ
1096 1385 1299 1455 σφόδρα
1330 1385 1706 1456 εὐπρόσωπος,
1736 1385 1983 1448 πολλοὺς.
2015 1385 2070 1438 εί
2109 1402 2172 1455 γε
2200 1386 2327 1457 ἧθεο

744 1464 855 1529 λεν,
902 1466 1311 1519 ἐπισπάσασθαι
1366 1466 1641 1537 δυναμένη
1684 1468 2019 1537 προστάτας,
2062 1470 2163 1521 οὐκ
2200 1468 2327 1538 ἠθέ-

744 1546 928 1615 λησεν,
961 1548 1075 1601 ἀλλ’
1100 1549 1271 1601 εἵλετο
1295 1551 1402 1602 πᾶν
1430 1548 1606 1602 ὁτιοῦν
1628 1550 1918 1619 ὑπομεῖναι
1939 1552 2033 1613 καὶ
2056 1550 2264 1615 παθεῖν,
2290 1549 2323 1621 ἢ

741 1628 842 1699 τὴν
863 1630 957 1684 τοῦ
986 1631 1221 1703 Χριστοῦ
1248 1631 1535 1704 προδοῦναι
1562 1632 1765 1701 φιλίαν,
1793 1632 1968 1687 καὶτὸ
1992 1634 2094 1704 τῆς
2122 1650 2326 1703 σωφρο-

744 1711 911 1782 σύνης
933 1704 1092 1777 ἄνθος
1112 1715 1374 1784 ἀφανίσαι
1399 1732 1413 1778 ;
1437 1715 1699 1786 Μακαρία
1726 1710 1797 1775 εἴ,
1824 1716 1919 1770 καί
1938 1718 2039 1780 δὶς,
2068 1717 2160 1770 καὶ
2182 1717 2321 1787 τρὶς,

744 1794 839 1846 καὶ
869 1794 1149 1858 πολλάκις·
1189 1796 1329 1849 ὅσων
1362 1795 1729 1850 ἀπολαύσεται
1758 1798 1999 1866 ἀγαθῶν,
2033 1798 2145 1852 οἷον
2182 1799 2326 1863 δεξε-

740 1890 833 1928 ται
876 1877 1156 1945 στέφανον,
1192 1879 1315 1933 ὅσον
1354 1878 1709 1948 καρπώσεται
1744 1880 1956 1951 μισθὸν,
1991 1881 2127 1950 πρὸς
2154 1880 2326 1943 αύτάς

737 1958 1093 2031 ἁμιλλωμένη
1127 1960 1226 2025 τὶς
1254 1963 1578 2032 ἀσωμάτους
1606 1961 1898 2033 δυνάμειςί
1922 1963 2104 2017 Ταῦτα
2137 1965 2231 2016 καὶ
2257 1963 2325 2016 τά

738 2040 966 2096 τοιαῦτα
1015 2043 1143 2113 περί
1200 2043 1372 2113 αὐτῆς
1424 2044 1622 2107 πάντες
1675 2042 1879 2114 ἐροῦσι,
1918 2045 2010 2098 καί
2048 2046 2128 2108 εἰς
2164 2044 2324 2116 ζῆλον

740 2124 860 2187 ταῖς
906 2124 1117 2177 ἑαυτῶν
1167 2124 1467 2197 θυγατράσι
1519 2125 1872 2197 προθήσουσι·
1937 2127 2039 2181 κάν
2085 2129 2327 2197 κοσμίως

745 2204 970 2274 βιοῦσάν
1002 2223 1084 2271 τις
1117 2207 1470 2278 προτρέψαιι,
1501 2209 1594 2261 καί
1622 2207 2026 2280 διεφθαρμένην
2064 2209 2326 2279 σωφρονί-

741 2304 833 2339 σαι
865 2287 1173 2360 βουληθείη,
1207 2289 1275 2343 τά
1302 2288 1505 2361 ταύτης
1527 2289 1781 2360 ἐγκώμια
1805 2290 1963 2344 πάλιν
1987 2291 2223 2352 ἅπαντες
2245 2292 2325 2354 εἰς

744 2368 908 2437 μέσον
960 2370 1221 2424 οἴσουσιν·
1274 2372 1376 2425 οὐκ
1425 2371 1660 2425 ἐνταῦθα
1708 2373 1766 2425 δὲ
1816 2372 1995 2443 μόνον,
2039 2372 2175 2426 ἀλλά
2223 2373 2324 2426 κάν

737 2450 927 2515 ἁπλῶς
960 2452 1089 2522 περί
1116 2449 1413 2526 παρθενίας
1440 2454 1658 2525 γίνηται
1684 2453 1862 2523 λόγος,
1891 2455 1985 2508 καί
2017 2455 2188 2518 οὕτως
2228 2455 2326 2508 ab-

739 2534 840 2605 τὴν
875 2534 1115 2600 ἅπαντες
1161 2537 1558 2601 ἐπαινέσονται,
1599 2537 1697 2608 οὐχ
1733 2538 1783 2591 οἱ
1834 2538 2073 2608 κοσμίως
2124 2535 2326 2601 ζῶντες

742 2616 923 2686 μόνον,
957 2617 1095 2672 ἀλλά
1125 2620 1221 2672 καὶ
1248 2622 1445 2674 ἐκεῖνοι
1474 2621 1523 2673 οί
1556 2620 1973 2684 σπουδάσαντες,
2013 2621 2105 2675 καί
2146 2620 2325 2675 πάντα

739 2699 1066 2768 πράξαντες,
1096 2700 1236 2754 ὥστε
1266 2702 1431 2771 αὐτὴν
1453 2702 1590 2755 ἐλεῖν
1603 2702 1653 2766 δ,
1674 2697 1791 2755 εἷτα
1826 2703 2327 2775 καταφρονηθέντες

741 2782 838 2834 καί
866 2783 1285 2855 ὑπεροφθέντες.
1311 2786 1421 2838 Kal
1453 2784 1593 2857 αῦτη
1625 2786 1723 2856 μὲν
1752 2785 2045 2857 τοσαύτης.
2075 2790 2170 2843 καὶ
2198 2788 2326 2842 πολ-

738 2861 818 2933 λῷ
849 2865 1099 2929 πλείονος
1138 2868 1235 2937 τῆς
1262 2867 1560 2939 εἰρημένης
1590 2868 1956 2922 ἀπολαύσεται
1991 2868 2168 2940 δόξης·
2202 2872 2235 2941 ή
2268 2871 2326 2924 δὲ

738 2944 939 3015 ἔχουσα
975 2949 1100 3012 τοῦς
1144 2950 1559 3015 συνοικοῦντας,
1599 2950 1708 3004 τῶν
1756 2952 2012 3005 ἐναντίων
2047 2954 2320 3007 ἀπάντων.

738 3030 849 3083 Kal
894 3030 1110 3099 πρῶτον
1162 3033 1281 3101 μὲν,
1332 3033 1460 3085 ὅταν
1501 3033 1876 3104 κατηγορῆται
1911 3034 2064 3104 παρά
2089 3052 2249 3090 τινων
2289 3037 2324 3107 ή

740 3111 1009 3182 παρθενία
1039 3114 1274 3186 μιαρῶν,
1303 3115 1491 3184 ἥξουσι
1521 3116 1620 3187 μέν
1658 3118 1738 3179 εἰς
1770 3119 1989 3188 μνήμην
2019 3118 2325 3189 ἀμφύτεραι

738 3194 799 3244 ἐν
825 3196 935 3257 τοίς
966 3195 1226 3258 τοιούτοις
1265 3196 1567 3265 συλλόγοις,
1605 3198 1720 3250 ἀλλ’
1750 3201 1784 3271 ὴ
1818 3200 1917 3269 μὲν
1946 3201 2014 3253 τά
2051 3200 2161 3253 τῶν
2193 3202 2326 3254 ἀπο-

736 3274 1105 3344 λογουμένων,
1142 3280 1175 3349 ή
1216 3279 1273 3332 δὲ
1309 3279 1379 3349 τὰ
1410 3280 1519 3332 τῶν
1550 3281 1999 3351 κατηγορούντων
2034 3282 2324 3353 ἀνοίγουσα

740 3358 1003 3427 στόματα.
1063 3361 1314 3422 Ἔπειτα,
1375 3361 1501 3415 ὅταν
1560 3364 1990 3434 σωφρονισθῆναί
2048 3381 2170 3418 τινα
2230 3368 2322 3421 καὶ

739 3440 1102 3511 ῥυθμισθῆναι
1138 3442 1252 3513 δέῃ,
1283 3443 1419 3513 αὕτη
1466 3444 1563 3515 μὲν
1593 3445 1841 3514 καθάπερ
1876 3447 2165 3517 φάρμακον
2205 3450 2323 3503 ἐπι-

740 3522 958 3591 στύφον,
987 3524 1078 3577 καὶ
1104 3525 1370 3594 σηπεδόνα
1395 3526 1742 3579 ἀναστέλλειν
1768 3529 2085 3599 δυνάμενον,
2122 3534 2203 3593 εἰς
2234 3530 2323 3602 μέ-

695 3622 699 3625 λ
736 3620 830 3656 σον
862 3605 1072 3673 ἄγεται,
1128 3609 1221 3659 καί
1273 3608 1331 3660 τὸ
1387 3608 1481 3660 τοῦ
1528 3608 1847 3685 διδασκάλου
1890 3611 2062 3680 στόμα
2104 3617 2316 3685 κοσμεῖ·

735 3688 923 3758 ἐκείνη
950 3688 1006 3742 δὲ
1036 3691 1173 3759 μετά
1196 3690 1291 3759 τῆς
1318 3692 1803 3764 καταισχυνθείσης
1838 3693 2057 3765 ἕστηκε.
2092 3697 2197 3751 κάν
2246 3697 2321 3769 μὴ

739 3772 910 3852 παρῇ,
944 3772 1280 3842 κολαζομένη
1307 3772 1397 3825 καὶ
1422 3775 1912 3845 καταισχιδνομένη.
1950 3777 2185 3850 Ἀνάγκη
2213 3782 2321 3852 7&9

736 3850 863 3905 καθ’
890 3853 1126 3922 ἑκάστην
1155 3853 1631 3925 διαμαρτάνουσαν
1659 3858 2080 3928 κατηγορεῖσθαι
2118 3850 2321 3933 ταύτην

738 3936 833 3988 καί
866 3934 1324 4004 καταισχῦνεσθαι
1362 3936 1544 3989 πάλιν.
1577 3937 1685 3990 Kal
1712 3938 1956 4012 ὅπουπερ
1983 3933 2048 3994 ἀν
2075 3944 2203 4013 περὶ
2227 3944 2319 3998 τοῦ

738 4017 1062 4087 πράγματος
1089 4017 1278 4069 τούτου
1320 4018 1538 4087 γίνηται
1571 4018 1744 4088 λόγος,
1777 4020 1967 4093 ὥσπερ
2000 4024 2181 4096 ἐκείνη
2216 4044 2321 4096 μα-

737 4098 924 4170 καρία,
949 4098 1121 4162 οὕτως
1156 4099 1315 4176 ἀθλία
1344 4099 1481 4171 αὕτη
1516 4101 1609 4155 καί
1637 4102 2002 4176 ταλαίπωρος,
2023 4107 2117 4161 καί
2146 4109 2321 4162 πάντα

734 4181 802 4234 τά
828 4181 1053 4235 τοιαῦτα
1084 4172 1398 4237 ἀκούσεται·
1437 4184 1529 4237 καὶ
1551 4184 1740 4257 ὥσπερ
1766 4172 1981 4259 ἐκείνην
2000 4189 2098 4259 οὐχ
2115 4191 2163 4242 οἰ
2185 4190 2321 4244 εἰδό·

733 4281 827 4326 τες
865 4266 1046 4334 μόνον,
1078 4264 1217 4318 ἀλλά
1249 4267 1351 4329 καὶ
1385 4268 1434 4319 οἰ
1466 4266 1807 4335 ἀγνοοῦντες,
1841 4272 1935 4323 καὶ
1970 4271 2134 4342 μηδὲν
2166 4273 2320 4344 εὐερ-

734 4346 1057 4417 γετηθέντες
1086 4348 1269 4418 ᾄδουσι
1288 4349 1380 4401 καί
1396 4349 1746 4419 ἀνυμνοῦσιν,
1763 4350 1907 4406 οὕτω
1922 4355 2011 4407 καὶ
2036 4354 2239 4426 ταύτην
2269 4358 2323 4410 οἵ

734 4445 794 4482 τε
811 4429 1029 4493 εἰδότες,
1055 4430 1111 4483 οἵ
1129 4447 1187 4482 τε
1214 4430 1557 4499 ἀγνοοῦντες,
1582 4432 1635 4486 οἵ
1658 4449 1716 4485 τε
1746 4435 1911 4505 μηδὲν
1933 4436 2196 4501 παθόντες
2224 4457 2321 4493 κα-

734 4511 829 4565 κὸν
869 4510 1152 4577 κακίζουσι
1186 4514 1279 4567 καὶ
1319 4512 1718 4569 διαϐάλλουσιν.
1764 4519 1825 4571 οἰ
1870 4519 1968 4588 μὲν
2008 4518 2115 4590 7&9
2144 4521 2320 4592 ὀρθῶς

735 4592 997 4661 βιοῦντες,
1024 4595 1085 4647 ού
1124 4595 1275 4667 παρά
1315 4595 1425 4649 τῶν
1458 4598 1751 4669 γνωρίμων
1805 4602 1985 4670 μόνον,
2029 4600 2166 4657 ἀλλά
2222 4605 2317 4659 καί

732 4675 886 4747 παρά
909 4676 1016 4729 τῶν
1038 4676 1355 4745 ἀγνώστων,
1384 4679 1476 4731 καί
1508 4680 1638 4748 παρ’
1665 4680 1844 4734 αὐτῶν
1877 4682 1932 4735 δὲ
1963 4683 2316 4755 τῶν.ἐχθρῶν

732 4757 1078 4812 ἐπαινοῦνται
1112 4758 1263 4832 [261]
1293 4762 1387 4814 καί
1409 4761 1799 4832 θαυμάζονται·
1823 4764 1872 4816 οί
1898 4764 1954 4818 δέ
1980 4764 2315 4839 διεφθαρμέ-

731 4855 812 4891 νοι
852 4841 946 4894 καὶ
975 4841 1166 4910 φαῦλοι
1205 4843 1301 4897 καὶ
1327 4845 1477 4917 παρὰ
1504 4842 1614 4897 τῶν
1641 4845 1810 4914 φίλων
1836 4846 2173 4912 κακίζονται.
2208 4851 2315 4903 Kal

729 4918 888 4974 τοῦτο
919 4922 977 4976 δὲ
1003 4924 1105 4994 τῆς
1128 4925 1222 4979 τοῦ
1252 4925 1388 4979 Θεοῦ
1416 4926 1744 4998 κηδεμονίας
1778 4927 1938 5001 ἔργον
1967 4930 2104 4992 ἐστὶ,
2141 4931 2201 4984 τὸ
2226 4950 2313 4987 τοι

732 5004 938 5076 σαύτην
988 5008 1115 5079 περί
1159 5008 1258 5079 τὴν
1311 5010 1512 5082 ἀρετὴν
1544 5012 1851 5084 οἰκειότητα
1890 5014 2020 5084 ἡμῖν
2054 5015 2308 5081 ἐνθεῖναι,

729 5088 997 5172 τοσαύτην
1021 5089 1077 5142 δὲ
1102 5092 1244 5172 ,περί
1265 5092 1364 5162 τὴν
1386 5094 1584 5146 κακίαν
1616 5094 1988 5166 ἀλλοτρίωσιν,
2024 5097 2099 5161 ὡς
2127 5098 2311 5172 ἐκείνῃ

733 5168 832 5239 μὲν
855 5170 1061 5235 πάντας
1083 5170 1434 5243 ψηφίζεσθαι,
1456 5176 1548 5229 καί
1571 5178 1698 5241 τοὺς
1723 5178 1797 5250 μὴ
1818 5178 2117 5249 μετιόντας,
2141 5179 2239 5253 τὴν
2253 5168 2311 5235 δέ

730 5253 929 5307 κακίαν
958 5256 1339 5321 καταδικάζειν
1378 5258 1473 5311 καί
1508 5260 1637 5322 τοὺς
1679 5261 2185 5332 ἀποστρεφομένους
2220 5266 2311 5317 ab.

729 5336 847 5406 τὴν,
884 5338 978 5390 καὶ
1007 5338 1133 5400 τοὺς
1159 5337 1471 5404 διώκοντας.
1516 5341 1677 5395 Ὅθεν
1704 5342 1879 5415 δῆλον,
1924 5345 2005 5398 ὃτι
2031 5346 2131 5409 τὰς
2174 5349 2309 5417 ἡμε-

728 5418 967 5490 λημένας
1007 5420 1210 5485 ταύτας
1245 5424 1343 5493 οὐχ
1395 5425 1442 5476 οἰ
1486 5423 1686 5487 εἰδότες
1724 5427 1901 5496 μόνον,
1951 5427 2087 5482 ἀλλά
2128 5431 2219 5482 καὶ
2256 5431 2307 5483 οί

728 5503 1047 5568 ἀγνοοῦντες
1070 5505 1526 5577 ἀποστρέφονται,
1561 5507 1655 5560 καί
1691 5508 1925 5578 μάλιστα
1959 5510 2177 5565 πάντων
2210 5512 2310 5567 αὐ·

727 5586 811 5636 τοὶ
849 5586 898 5639 οἰ
930 5585 1318 5651 συνοικοῦντες.
1352 5587 1469 5642 Κάν
1497 5589 1607 5661 γὰρ
1650 5590 1853 5662 σφόδρα
1892 5591 2120 5662 λέγωσιν
2163 5595 2308 5666 ὑμᾶς

731 5669 903 5736 φιλείν
930 5670 1021 5723 καί
1050 5670 1370 5741 θαυμάζειν,
1402 5670 1513 5749 κάν
1524 5672 1682 5745 χάριν
1706 5672 1901 5744 ἔχωσιν
1929 5676 2069 5748 ὑπὲρ
2101 5677 2307 5749 ταύτης

724 5750 824 5817 τῆς
851 5752 1063 5821 ἡδονῆς,
1094 5753 1233 5826 ύπὲρ
1265 5752 1443 5807 αὐτῶν
1476 5746 1553 5810 ὧν
1585 5754 1896 5827 χαρίζεσθε,
1931 5746 2090 5813 πάλιν
2129 5746 2302 5832 μισεί-

787 5840 815 5905 ξ
839 5839 986 5905 νῇΙ,
1012 5845 1346 5905 προτβέψηται.

788 5899 817 5941 δ
838 5900 985 5950 SaYil.
1011 5899 1187 5953 ἀνελεῖν
1198 5899 1353 5954 ἠέλιε.

1393 364 1450 420 s.
1490 340 1777 420 JOANNIS
1812 361 2311 420 cnnvsosmm
2351 362 2672 423 meum.
2711 355 3264 422 coxsmurmor.

3903 348 4015 413 5%

2436 482 2531 536 σθε
2572 483 2717 537 κατά
2759 481 2822 535 τὸ
2862 479 3099 543 συνειδὸς
3126 478 3188 532 τὸ
3220 475 3467 539 ἐκείνων,
3501 471 3628 528 ὅταν
3668 473 3797 527 ποτὶ
3828 471 4031 543 μικρὸν

2433 565 2815 635 ἀνενεγκόντες
2846 560 3143 631 ἐύνοήσωσι
3178 561 3275 629 τὴν
3315 557 3539 627 παγίδα,
3576 558 3664 626 ἐφ’
3694 552 3761 628 ἧς
3789 557 4031 625 ἑστήκα-

2433 664 2507 700 σι.
2551 646 2816 701 Τοσοῦτόν
2864 647 3011 699 ἐστιν
3057 646 3091 713 ἠ
3135 643 3301 696 κακία
3342 641 3529 715 κακόν·
3573 640 3666 694 καί
3695 641 3745 694 οἰ
3787 639 4031 709 μάλιστα

2434 730 2651 782 πάντων
2706 726 3130 796 θεραπευόμενοι
3188 725 3317 793 παρ’
3359 724 3533 794 ὑμῶν,
3585 718 3729 777 οῦτοι
3788 722 4035 793 μάλιστα

2435 810 2652 864 πάντων
2695 811 2832 863 εἰσίν
2875 810 2923 861 οί
2969 806 3492 875 καταγινώσκοντες·
3542 805 3729 875 ἐπειδὴ
3777 804 3872 859 καί
3920 803 4034 874 μά-

2433 892 2590 945 λιστα
2624 892 2840 945 πάντων
2880 889 2949 943 τά
2981 888 3225 960 ὑμέτερα
3268 888 3468 951 ζσασιν,
3531 888 3611 950 εἰς
3661 886 3729 940 τά
3766 886 4034 939 ἐνδότατα

2435 975 2800 1045 εἰσαχθέντες,
2842 973 2936 1027 καὶ
2978 971 3048 1025 τά
3080 970 3369 1043 ἀπόρρητα
3406 970 3562 1041 ὑμῶν
3590 971 3803 1024 ἅπαντα
3822 968 4032 1021 διακω-

2434 1056 2777 1120 δωνίσαντες.
2812 1056 2922 1109 Kal
2954 1055 3036 1107 ὅτι
3068 1052 3283 1123 μισοῦσι
3307 1052 3467 1122 δῆλον
3488 1052 3717 1106 ἐκεῖθεν·
3746 1051 4033 1121 Μυριάκις

2436 1140 2503 1193 ἀν
2529 1138 2732 1192 εἴλοντο
2761 1136 2861 1208 τῆς
2896 1136 3087 1207 ψώρας
3111 1133 3497 1205 ἀπαλλαγῆναι
3528 1132 3753 1203 ταύτης,
3794 1133 3889 1194 καὶ
3925 1134 4033 1199 τῆς

2436 1220 2595 1275 νόσου
2622 1221 2723 1291 τῆς
2755 1218 3023 1291 χαλεπῆς,
3067 1217 3129 1270 τὸ
3164 1217 3221 1273 δέ
3251 1216 3461 1270 κωλύον
3489 1217 3531 1293 ἡ
3552 1215 3828 1287 συνήθεια,
3863 1213 3959 1275 καὶ
3991 1215 4035 1287 ήί

2433 1304 2667 1357 δοκοῦσά
2692 1320 2775 1366 τις
2804 1298 2942 1355 εἶναι
2978 1300 3159 1371 ἡδονή·
3207 1300 3330 1359 ἐπεὶ
3362 1299 3455 1359 καί
3487 1300 3697 1361 ἐκείνου
3731 1296 3826 1350 τοῦ
3864 1298 4035 1365 νοσή-

2437 1402 2608 1456 ματος
2640 1385 2887 1454 εῠχονται
2921 1384 3017 1454 μὲν
3044 1381 3448 1451 ἀπαλλαγῆναι,
3484 1382 3579 1441 καὶ
3616 1380 3863 1451 μισοῦσιν
3894 1379 4039 1441 ait?)

2434 1469 2633 1532 πάντες
2675 1470 2725 1520 οἰ
2760 1467 2997 1536 ἔχοντες,
3047 1464 3269 1534 ἥδονται
3304 1464 3363 1517 δέ
3404 1464 3558 1527 δντες
3587 1465 3645 1516 ἐν
3669 1463 3820 1533 αὐτῷ
3848 1461 4035 1524 καθά-

2432 1567 2539 1619 περ
2581 1552 2638 1602 ὲν
2677 1548 2870 1619 τούτῳ.
2896 1548 3016 1601 Κάν
3045 1547 3154 1617 7&9
3180 1545 3301 1599 λίαν
3329 1544 3510 1609 ἄθλιός
3538 1541 3678 1619 τιςῇ
3715 1546 3808 1598 καί
3840 1544 4034 1603 ταλαί·

2432 1649 2636 1704 πωρος,
2671 1633 2771 1684 οὐκ
2795 1632 2941 1683 ἐστιν
2970 1628 3114 1682 οὕτω
3147 1626 3255 1681 τῶν
3288 1628 3728 1699 ἀπεγνωσμένων
3755 1628 3847 1689 καί
3893 1626 4036 1692 σφό-

2431 1714 2530 1785 δρα
2570 1714 2670 1785 τὴν
2702 1712 2912 1766 ἑαυτῶν
2959 1709 3346 1781 καταισχύνειν
3387 1710 3797 1780 ἐπιθυμούντων
3842 1706 4043 1773 δόξαενι

2432 1796 2506 1860 ὼς
2534 1795 2787 1866 ἐθελῆσαι
2811 1797 2867 1847 ἐν
2892 1793 3244 1865 ἀσχημοσύνῃ
3281 1792 3400 1864 ζῇν,
3429 1792 3524 1846 καί
3555 1794 3615 1845 ἐν
3635 1793 3746 1856 τοῖς
3768 1792 4037 1854 ἀπάντων

2431 1872 2571 1932 εἶναι
2602 1879 2883 1948 στόμασιν,
2920 1877 3014 1930 ἐπὶ
3048 1876 3359 1947 κακηγορίᾳ
3393 1877 3484 1928 καί
3517 1874 3716 1943 γέλωτι
3764 1875 3858 1927 καί.
3884 1874 4003 1937 ὁνεί
4026 1904 4037 1914 -

2432 1959 2566 2023 δεσι,
2617 1960 2711 2013 καὶ
2758 1960 2981 2030 θέατρον
3028 1958 3205 2012 κοινὸν
3238 1950 3331 2013 ἐπὶ
3368 1958 3469 2028 τῆς
3509 1957 3715 2028 ἀγορᾶς
3756 1956 4035 2024 γίνεσθαι,

2433 2044 2651 2096 πάντων
2680 2043 2844 2095 αὐτὸν
2875 2042 2993 2112 ἅμα
3032 2041 3109 2110 τῷ
3140 2041 3370 2111 φανῆναι
3403 2043 3515 2104 τοῖς
3547 2040 3774 2111 πλησίον
3820 2040 4035 2101 δακτυ-

2430 2122 2848 2178 λοδεικτούντων
2891 2125 2984 2177 ἐπί
3023 2126 3138 2186 τοῖς
3166 2123 3483 2193 αἰσχίστοις.
3514 2124 3625 2177 Kal
3652 2122 3759 2194 7&9
3794 2122 3914 2176 οὑδέ
3945 2140 4039 2193 p.0-

2433 2207 2543 2278 κρά
2568 2224 2650 2268 τις
2675 2206 2784 2258 ἀπὸ
2812 2206 2914 2275 τῆς
2946 2204 3181 2274 ὑποψίας
3206 2204 3410 2276 ταύτης
3444 2205 3607 2276 ἀηδία
3627 2206 3869 2259 τίκτεται
3898 2203 3999 2258 τού
4015 2235 4037 2246 -

2430 2305 2565 2351 τοις,
2592 2289 2685 2341 καὶ
2715 2287 2923 2358 ἐνοχλεί
2955 2287 3032 2358 τῷ
3063 2287 3326 2341 συνειδότι
3353 2286 3620 2358 διηνεκῶς
3645 2285 4049 2359 ἐγκαθημένη,

2434 2371 2531 2425 καὶ
2580 2367 2861 2441 σκώληκος
2905 2370 3104 2432 παντὸς
3145 2368 3514 2441 μονιμώτερον
3550 2370 3883 2442 διατιτρῶσα
3924 2371 4036 2433 αὐ-

2430 2452 2538 2505 τῶν
2566 2452 2665 2523 τὴν
2698 2453 2958 2507 διάνοιαν.
2996 2452 3059 2505 Εἰ
3094 2452 3153 2504 δὲ
3192 2452 3319 2505 ἔνθα
3367 2452 3519 2524 παρά
3560 2454 3863 2524 ἀνθρώπων
3897 2453 4039 2505 ἒπε-

2430 2552 2520 2590 ται
2554 2536 2808 2607 αἰσχύνη,
2843 2534 3095 2605 φανερῶς
3141 2536 3240 2605 μὲν
3268 2535 3420 2589 οὐδὲν
3466 2536 3755 2604 λεγόντων,
3788 2537 3925 2589 οἶκοι
3970 2536 4048 2599 δὲ,

2432 2619 2526 2672 καί
2556 2618 2678 2671 καθ’
2718 2617 2947 2681 ἑαυτοὺς
2974 2616 3373 2684 ἐγκαλούντων,
3401 2618 3639 2688 τοσαύτη
3660 2618 3867 2686 γίνεται
3902 2618 4034 2671 ὀδύ-

2432 2719 2519 2771 νη,
2544 2701 2671 2754 ὅταν
2698 2702 2833 2772 πρὸς
2864 2699 3025 2752 αὐτὸν
3047 2699 3373 2770 ἀπέλθωμεν
3400 2700 3490 2752 τὸν
3513 2700 3839 2771 ὑδρισμένον
3871 2702 4007 2771 Νυμ

2432 2783 2572 2853 φίον,
2606 2783 2734 2836 ὅταν
2764 2783 2859 2835 καί
2888 2782 2958 2835 τά
2986 2781 3155 2853 ἄδηλα
3184 2784 3265 2846 εἰς
3300 2782 3464 2852 μέσον
3505 2782 3726 2854 ἄγηται,
3754 2785 3895 2837 ὅταν
3931 2786 4035 2837 καὶ

2434 2865 2651 2936 καρδίαι
2702 2863 3156 2919 ἀναπτύσσωνται
3210 2865 3305 2917 καί
3361 2865 3511 2937 ῥῆμα
3552 2866 3647 2919 καί
3689 2870 3874 2937 σχῆμα
3931 2870 4037 2921 καὶ

2432 2946 2653 3018 βλέμμα
2678 2948 2769 3001 καί
2792 2947 2969 3001 ἔννοια
2992 2957 3016 2984 α
3041 2946 3130 3013 (τά
3160 2946 3269 3018 7&9
3297 2947 3502 3001 τούτων
3533 2947 3859 3019 αἰσχρότερα
3893 2966 4035 3020 παρ-

2434 3027 2600 3100 ίημι)ο
2647 3029 2773 3083 ὅταν
2809 3024 2901 3082 οῦν
2952 3030 3132 3103 πάντα
3183 3030 3368 3093 ἀπλῶς
3414 3031 3507 3108 ἐπὶ
3550 3030 3652 3100 τῆς
3698 3030 4035 3101 οἰκουμένης

2429 3112 2649 3184 ἀπάσης
2675 3112 2859 3182 γυμνὰ
2889 3112 3147 3182 φαίνηται
3183 3112 3276 3167 καί
3312 3112 3808 3184 τετραχηλισμένα,
3847 3112 4049 3183 πόσην.

2431 3193 2851 3264 ὑποστησόμεθα
2888 3194 3274 3266 ἀσχημοσύνην
3327 3196 3421 3248 καί
3463 3196 3684 3250 κόλασιν
3718 3196 3812 3250 καί
3845 3185 4033 3267 ⁴τιμω-

2432 3277 2591 3349 ρίανί
2645 3276 2777 3329 Τότε
2817 3275 2945 3347 γὰρ,
2979 3274 3045 3329 ἀν
3091 3276 3165 3347 μὴ
3217 3281 3471 3350 παραστῇ
3519 3278 3810 3349 λάμπουσα
3847 3278 4033 3343 οῦτως

2429 3358 2584 3430 ἡμῶν
2627 3360 2660 3429 ἠ
2692 3359 2859 3430 ψυχὴ,
2895 3359 2971 3422 ὡς
3000 3360 3146 3425 εἰκὸς
3189 3359 3288 3430 τὴν
3320 3358 3688 3432 ἁρμοσθεῖσαν
3722 3362 3919 3432 ἐκείνῳ
3942 3363 4033 3434 τῷ

2429 3442 2668 3513 νυμφίῳ,
2698 3444 2764 3495 ἀν
2794 3441 2869 3513 μὴ
2906 3441 3087 3512 πάσης
3114 3443 3330 3514 κηλῖδος
3365 3444 3458 3496 καὶ
3489 3443 3662 3516 ῥύπου
3685 3446 3779 3497 καί
3808 3445 4033 3515 ρυτίδος

2431 3521 2464 3599 ᾖ
2493 3523 2732 3595 καθαρὰ,
2758 3524 3062 3590 ἀπολεῖται,
3094 3524 3191 3578 καί
3227 3525 3296 3579 τά
3321 3525 3526 3596 ἔσχατα
3570 3526 3817 3580 πείσεται
3849 3526 4025 3583 δεινά.

2431 3607 2494 3661 Εἰ
2517 3607 2627 3678 7&9
2651 3610 2680 3661 ὁ
2707 3606 2883 3678 τυχὼν
2922 3607 3112 3679 μῶμος
3144 3608 3327 3672 ἱκανὸς
3356 3608 3525 3681 αὐτὴν
3546 3609 3815 3683 ἐκϐαλεῖν,
3847 3611 4026 3664 ὅτανά

2428 3690 2598 3754 πολὺς
2628 3690 2657 3743 ὁ
2691 3690 2863 3762 ῥύπος
2885 3688 2943 3762 ᾗ,
2974 3690 3071 3744 καὶ
3099 3690 3337 3761 τοσαύτη
3373 3693 3406 3761 ἡ
3440 3691 3692 3756 δυσωδία,
3724 3695 3817 3747 καί
3852 3695 4030 3764 μυρία

2428 3772 2692 3827 πάντοθεν
2720 3772 2875 3843 ἐλκη,
2904 3772 2987 3836 τίς
3027 3772 3196 3844 αὐτὴν
3226 3773 3580 3845 ἐξαιρήσεται
3618 3775 3715 3845 τῆς
3744 3776 4027 3842 κολάσεως

2428 3856 2520 3909 καί
2539 3856 2638 3926 τῆς
2670 3855 2938 3927 τιμωρίας
2959 3856 3210 3926 ἐκείνης;
3236 3856 3298 3909 Εἰ
3324 3856 3688 3927 γάρένταῦθα
3714 3857 3855 3911 οὕτω
3883 3859 4027 3926 ςαῦυ

2427 3938 2517 3992 λον
2550 3937 2661 4002 δξει
2704 3938 2855 4009 παρά
2894 3938 3029 3990 πᾶσι
3077 3938 3172 3991 καί
3212 3937 3376 4007 ἀηδὲς
3403 3939 3506 4009 τῆς
3537 3940 3791 4010 τοιαύτης
3823 3941 3852 3992 ὁ
3880 3941 4019 4012 βὼς,

2428 4021 2503 4083 ὡς
2556 4020 2765 4083 πάντας
2812 4018 2983 4091 αὐτὴν
3025 4020 3468 4093 ἀποστρέφεσθαι
3528 4024 3622 4076 καί
3678 4023 3868 4092 φίλους
3922 4024 4028 4081 καὶ

2429 4101 2675 4172 ἐχθροὺς,
2739 4101 2858 4165 πῶς
2906 4101 3019 4155 τῶν
3068 4102 3363 4175 βασιλικῶν
3426 4104 3678 4176 ἐπιϐῆναι
3726 4107 4041 4179 ’δυνήσεται⁴

2428 4182 2716 4253 προθύρων
2762 4185 3225 4257 ἀνακεχρωσμένη
3273 4186 3518 4259 βορϐόρῳ
3566 4186 3834 4259 τοσούτῳς
3878 4191 4022 4263 ,Οὐχ

2427 4267 2582 4339 ὁρᾷς,
2624 4267 2706 4320 ὅτι
2743 4266 2863 4320 οὐδὲ
2898 4268 2957 4320 ἐν
2988 4268 3137 4337 οἰκίᾳ
3170 4268 3362 4338 ἀνδρὸς
3396 4270 3604 4331 ἰδιώτου
3635 4271 3730 4335 καὶ
3760 4270 4021 4340 εὐτελοῦς

2424 4350 2710 4420 ἀνάσχοιτό
2732 4367 2817 4414 τις
2849 4350 2915 4404 ἀν
2939 4344 3003 4405 ὗν
3026 4349 3176 4423 [262]
3216 4349 3611 4418 ἐγκυλισθέντα,
3634 4352 3881 4427 βορϐόρῳ
3911 4375 4017 4411 πσ-

2428 4431 2751 4501 ραδέξασθαι
2800 4432 2968 4494 ἔνδον,
3022 4431 3136 4495 ἀλλ’
3166 4432 3531 4488 ἀπελαύνουσι
3587 4438 3684 4490 καί
3726 4438 4019 4495 διώκουσιν

2426 4513 2685 4580 ἅπαντες,
2718 4515 2811 4568 καὶ
2850 4516 2949 4578 τὰς
2997 4514 3167 4586 θύρας
3206 4515 3573 4584 ἀποκλείουσι,
3608 4521 3702 4574 καὶ
3748 4523 4018 4590 φεύγουσι

2424 4597 2649 4669 πόρῤως,
2695 4599 2755 4651 Εἰ
2798 4597 2854 4651 δὲ
2902 4592 3095 4669 άλογον
3129 4598 3289 4662 ζῶον,
3330 4600 3424 4653 καί
3460 4600 3637 4656 ταῦτα
3675 4604 3734 4655 ἐν
3764 4603 4019 4676 βορϐόρῳ

2423 4679 2773 4750 τρεφόμενον,
2795 4680 2891 4748 οὐχ
2913 4679 3279 4750 ὑπομένουσιν
3302 4681 3582 4754 ἄνθρωποι
3603 4685 4017 4757 παραδέξασθαι

2422 4762 2561 4818 οἶκοι
2601 4761 2739 4831 μετά
2780 4761 3016 4834 κηλῖδος,
3060 4761 3179 4825 πῶς
3214 4765 3294 4825 είς
3321 4762 3423 4829 τὰς
3452 4766 3739 4838 οὐρανίους
3778 4769 4012 4836 σκηνὰς.

2422 4844 2551 4899 ἔνθα
2581 4843 2819 4916 τοσαύτη
2864 4844 3205 4916 λαμπρότης,
3252 4845 3381 4902 ἔνθα
3412 4850 3590 4913 πάντα
3627 4851 3849 4921 φαιδρὰ.
3879 4851 4016 4908 ἔνθα

2422 4927 2537 4996 φῶς
2577 4926 2891 5001 ἀπρόσιτον,
2934 4922 3064 4981 ἔνθα
3097 4928 3385 5001 ἀστραπῆς
3418 4932 3599 5003 πάσης
3628 4924 4022 5008 λαμπρότερον,

2421 5009 2702 5063 ἀπαντῶσι
2732 5009 3043 5064 στίλϐουσαι
3070 5012 3126 5065 αἰ
3159 5011 3440 5083 παρθένοι,
3475 5014 3594 5080 πῶς
3614 5015 3902 5089 δυνήσεταί
3925 5037 4014 5085 τις

2418 5091 2565 5147 οὕτω
2631 5092 2831 5163 ῥυπῶν-
2887 5093 3183 5162 εἰσελθεῖν;
3246 5096 3312 5149 Δὶ
3388 5097 3463 5169 μὴ
3532 5098 3755 5170 ἔχουσαι
3827 5101 4029 5165 ἔλαιον,

2417 5174 2855 5247 ἀπεκλείσθησαν
2895 5175 2991 5229 τοῦ
3025 5176 3333 5249 νυμφῶνος,
3364 5180 3458 5233 καὶ
3490 5182 3607 5245 πῶς
3648 5182 3806 5254 ὑμεῖς
3836 5202 4013 5257 προσ..

2417 5259 2611 5315 δοκᾶτε
2662 5258 3019 5329 ἐπιδήσεσθαι
3062 5261 3170 5313 τῶν
3209 5260 3419 5316 ἀδύτων
3454 5264 3713 5326 ἐκείνωνς
3748 5268 3858 5320 Kal
3895 5268 4010 5340 7&9

2418 5343 2595 5415 πολλῷ
2624 5340 2783 5395 τοῦτο
2811 5341 3021 5395 ἐκείνου
3046 5342 3428 5416 χαλεπώτερον
3460 5348 3522 5401 τὸ
3553 5350 3880 5423 ἁμάρτημα.
3929 5346 4007 5416 Οὔ

2416 5428 2526 5499 γάρ
2548 5430 2716 5489 ἐστιν,
2748 5423 2849 5478 οὐκ
2892 5422 3038 5478 ἐστιν
3078 5425 3192 5480 ἴσον
3216 5430 3539 5503 σωματικῆς
3571 5432 3644 5505 μὴ
3679 5434 4017 5504 μεταδοῦναι.

2415 5511 2643 5580 τροφῆς,
2673 5509 2767 5562 καί
2810 5507 2987 5578 ψυχὰς
3036 5508 3301 5563 ἀπολέσαι
3349 5512 3570 5579 πολλάς.
3617 5517 3853 5571 Ἑκεῑναι
3904 5521 4021 5589 μὲν,

2414 5592 2529 5663 γάρ
2550 5592 2679 5656 τοὺς
2707 5590 3035 5663 πενομένους
3069 5590 3345 5663 ἠδίκησαν
3364 5596 3537 5655 οὐδέν·
3571 5599 3758 5672 ἐπειδὴ
3798 5599 3865 5665 δέ,
3892 5603 4009 5659 τῶν

2415 5674 2623 5729 ἑαυτῶν
2670 5674 2853 5736 αὐτοῖς
2909 5673 2971 5726 ού
3026 5674 3361 5744 μετέδωκαν,
3396 5679 3517 5739 οὐδὲ
3544 5683 3859 5753 ἀπήλλαξεν
3907 5702 4007 5739 πε-

2416 5759 2554 5821 νίας,
2590 5756 2767 5810 ταῦτα
2799 5754 3017 5810 ἔπαθον·
3054 5758 3118 5810 σὺ
3160 5756 3216 5811 δὲ
3260 5760 3355 5814 καὶ
3388 5761 3653 5835 ἠδίκησας
3696 5768 3788 5821 καὶ
3830 5761 4012 5835 ὧσιςι

2480 5855 2503 5912 ἦ
2526 5849 2676 5912 SaviL
2702 5850 2782 5897 καὶ
2804 5840 3091 5912 ῥῆμσιταέκαί
3117 5851 3363 5912 βλέμματα
3387 5854 3466 5907 καὶ
3491 5856 3663 5905 ἔννοια.

2479 5910 2507 5953 ⁸
2532 5911 2683 5963 Savil.
2709 5910 2874 5975 μῶμος
2897 5910 3135 5974 ἐκϐάλλει,
3157 5910 3285 5963 όταν.
