4264 6312
268 396 374 450 523

264 527 451 583 gressu
478 520 528 566 et
558 517 774 578 aspectu
803 517 856 563 et
884 505 1276 560 cohabitatione
1305 503 1512 558 illorum
1539 512 1656 558 esto
1685 519 1699 557 :
1724 511 1851 560 tunc

267 613 319 657 te
347 612 401 656 et
426 601 676 655 mulieres
705 598 1105 666 obstupescent,
1144 604 1198 650 et
1222 593 1320 666 viri
1349 607 1536 649 omnes
1569 592 1729 647 simul
1754 591 1852 646 ad-

267 694 622 756 mirabuntur,
660 697 845 760 utpote
883 688 1143 757 virginem
1184 699 1382 756 sponso
1418 683 1681 738 indivulse
1715 682 1851 737 assi-

264 785 480 840 dentem
517 783 592 854 (l.
622 781 742 838 Cor.
783 783 836 836 7.
868 779 959 851 55)
994 798 1006 832 :
1039 786 1164 833 tunc
1205 791 1311 832 non
1339 775 1614 831 domestici
1654 774 1850 842 solum,

265 876 362 931 sed
399 884 452 930 et
475 875 779 946 gentiles'et
803 871 994 936 Judaei,
1026 879 1081 926 et
1109 884 1271 925 omne
1298 869 1574 923 hominum
1607 865 1856 936 probabit

263 983 433 1038 genus
466 986 478 1021 :
502 978 661 1036 atque
687 964 821 1020 adeo
841 965 886 1018 si
911 964 1134 1034 gloriam
1164 977 1332 1029 amas,
1365 960 1502 1014 hanc
1530 958 1664 1014 vade
1688 959 1849 1022 viam,

263 1075 370 1113 non
391 1056 548 1115 aliam
572 1075 588 1112 :
622 1067 746 1110 tunc
773 1065 824 1110 te
849 1070 958 1110 non
977 1056 1089 1124 jam
1122 1053 1261 1109 illius
1291 1051 1374 1107 vel
1397 1050 1539 1105 illius
1564 1048 1849 1113 voeabunt,

262 1150 357 1205 sed
399 1149 596 1204 Christi
627 1164 640 1200 :
674 1146 798 1201 huic
841 1155 1020 1201 autem
1059 1154 1281 1199 ornatus
1323 1143 1459 1198 alius
1495 1157 1592 1213 par
1629 1156 1658 1194 a
1704 1139 1852 1194 nullo

261 1242 357 1294 tibi
393 1241 512 1295 erit.
542 1242 624 1294 An
654 1254 782 1293 vero
810 1239 999 1308 exigua
1039 1245 1182 1304 sunt,
1213 1250 1417 1307 qumso,
1462 1249 1584 1304 qua:
1618 1233 1852 1304 quotidie

261 1340 524 1386 canuntur
556 1338 612 1386 et
646 1330 699 1384 in
729 1328 865 1396 foro,
899 1338 953 1384 et
981 1329 1033 1383 in
1071 1327 1340 1392 domibus,
1369 1334 1424 1379 et
1452 1326 1504 1379 in
1530 1325 1647 1378 aliis
1669 1324 1851 1378 civita-

262 1422 438 1474 tibus?
472 1421 652 1476 Puella
677 1419 865 1474 isthzec
893 1417 1125 1473 formosa
1153 1416 1307 1471 valde
1345 1425 1400 1471 et
1440 1415 1773 1480 adolescens,
1806 1415 1849 1469 si

261 1512 536 1576 voluisset,
567 1511 766 1565 multos
807 1519 1062 1579 patronos
1106 1507 1208 1563 sibi
1236 1507 1527 1562 conciliare
1563 1505 1846 1575 potuisset,

261 1603 354 1658 sed
401 1603 570 1657 noluit
621 1620 633 1656 :
682 1603 790 1657 imo
837 1602 1022 1657 maluit
1067 1601 1266 1670 quaevis
1315 1597 1582 1654 sustinere
1617 1611 1680 1652 ac
1717 1597 1847 1666 pati,

259 1709 419 1763 quam
443 1694 640 1749 Christi
671 1707 912 1748 amorem
944 1692 1268 1760 relinquere,
1297 1699 1350 1744 et
1379 1688 1638 1744 castitatis
1661 1687 1847 1742 florem

258 1785 570 1840 obscurare.
617 1784 778 1839 Beata
823 1791 878 1838 et
926 1782 1008 1836 bis
1049 1790 1102 1836 et
1142 1791 1221 1835 ter
1266 1790 1321 1835 et
1361 1779 1574 1848 smpius.
1625 1771 1850 1843 Quantis

258 1875 466 1930 fruetur
490 1874 663 1940 bonis,
688 1873 898 1944 qualem
925 1872 1148 1942 accipiet
1179 1885 1455 1937 coronam,
1485 1878 1680 1940 quanta
1709 1883 1849 1922 mer-

257 1966 392 2021 cede
441 1965 746 2031 donabitur,
793 1979 913 2034 quae
960 1978 1080 2018 cum
1131 1962 1260 2032 ipsis
1307 1961 1632 2030 ineorporeis
1679 1966 1850 2014 certat

257 2054 587 2110 Virtutibus?
615 2055 738 2109 Haec
767 2063 821 2109 et
859 2053 986 2108 talia
1014 2053 1080 2108 de
1111 2052 1212 2106 hac
1240 2065 1430 2106 omnes
1458 2050 1668 2117 dicent,
1701 2059 1754 2103 et
1781 2049 1846 2102 ad

257 2146 650 2201 aemulationem
703 2144 814 2198 suis
870 2142 1079 2197 filiabus
1136 2148 1472 2212 preponent;
1529 2150 1582 2193 et
1628 2137 1673 2193 si
1727 2138 1849 2208 quis

257 2239 546 2292 admonere
574 2237 797 2291 honeste
821 2235 1086 2290 viventem
1102 2243 1202 2301 ;-et
1229 2233 1276 2288 si
1305 2234 1424 2303 quis
1451 2240 1757 2301 corruptam
1779 2230 1845 2285 ad

257 2327 572 2381 modestiam
600 2325 860 2380 reducere
886 2325 1131 2388 voluerit,
1167 2322 1282 2378 haec
1316 2322 1390 2376 illi
1435 2322 1628 2377 iterum
1658 2335 1846 2376 omnes

255 2416 498 2470 encomia
537 2414 864 2470 inmedium
912 2414 1082 2469 ferent
1115 2433 1128 2468 :
1159 2429 1264 2468 non
1302 2412 1390 2467 hic
1426 2421 1604 2467 autem
1643 2412 1841 2479 solum,

255 2509 349 2563 sed
379 2516 433 2562 et
460 2511 667 2577 quoties
687 2506 754 2560 de
783 2506 1082 2576 virginitate
1103 2504 1195 2558 fiat
1223 2518 1400 2559 sermo
1431 2521 1443 2558 :
1468 2511 1523 2558 et
1551 2503 1626 2557 sic
1655 2517 1845 2557 omnes
1869 2518 1871 2521 Î‡

256 2598 568 2663 laudabunt,
602 2613 705 2652 non
736 2598 908 2651 solum
934 2597 1022 2666 qui
1051 2605 1196 2651 caste
1217 2595 1419 2660 vivunt,
1450 2593 1545 2648 sed
1575 2602 1628 2647 et
1654 2593 1728 2648 illi
1754 2593 1844 2664 qui

253 2692 509 2747 studuere
541 2699 595 2745 et
629 2691 804 2744 omnia
850 2689 1089 2744 fecerunt
1123 2698 1179 2742 ut
1208 2687 1375 2756 ipsam
1411 2686 1748 2752 obtinerent,
1779 2700 1841 2740 ac

251 2782 447 2837 deinde
474 2781 762 2851 contempti
793 2790 846 2835 et
873 2779 1108 2849 despecti
1141 2780 1373 2833 fuerunt.
1405 2778 1575 2847 Atque
1596 2778 1701 2832 ista
1724 2779 1842 2848 qui-

251 2873 374 2928 dem
407 2881 571 2937 tanta,
593 2881 647 2926 et
671 2872 840 2926 multo
866 2871 1069 2940 majore
1098 2885 1256 2941 quam
1283 2869 1484 2924 dictum
1507 2880 1610 2935 cst,
1640 2869 1845 2925 fruetur

249 2966 416 3036 gloria
448 2983 460 3017 :
491 2981 610 3036 quze
654 2979 781 3020 vero
820 2962 1189 3019 cohabitantes
1237 2963 1422 3031 habet,
1460 2962 1641 3016 omnia
1683 2976 1842 3018 secus

250 3057 469 3125 reperit.
512 3056 579 3110 Et
612 3056 787 3124 primo
821 3056 1033 3124 quidem
1075 3053 1288 3124 quando
1329 3054 1397 3109 ab
1435 3054 1700 3123 aliquibus
1743 3056 1843 3108 im-

250 3147 395 3216 puris
435 3156 714 3202 accusatur
745 3146 1041 3216 virginitas,
1075 3146 1143 3200 de
1182 3148 1422 3216 utrisque
1463 3145 1690 3202 habetur
1730 3162 1844 3204 tne-

247 3237 418 3290 mor-ia
449 3238 497 3289 in
532 3237 723 3291 talibus
753 3237 1136 3302 conventibus;
1175 3237 1268 3291 sed
1306 3237 1393 3290 illa
1419 3236 1634 3306 quidem
1671 3239 1843 3307 aperit

247 3318 339 3380 ora
386 3326 798 3390 defensantium,
851 3328 949 3381 ista
999 3335 1177 3381 autem
1219 3328 1605 3381 accusantium.
1649 3327 1843 3382 Postea

246 3416 458 3485 quando
498 3418 690 3486 corrigi
732 3418 962 3485 aliquam
995 3427 1048 3471 et
1091 3418 1442 3485 compositam
1475 3417 1623 3471 reddi
1660 3418 1835 3486 decet,

246 3508 363 3560 inec
385 3506 595 3576 quidem
627 3516 683 3560 ut
703 3506 1048 3575 pharmacqu
1070 3507 1390 3576 astringens,
1415 3518 1466 3560 et
1493 3506 1633 3576 quod
1662 3517 1840 3576 putre-

243 3597 427 3652 dinem
471 3597 730 3666 repellere
771 3605 947 3666 potest
986 3597 1039 3650 in
1066 3595 1304 3651 medium
1331 3595 1574 3662 affertur,
1603 3607 1658 3652 et
1699 3613 1839 3667 pra:-

243 3691 479 3758 eeptoris
515 3704 576 3743 os
618 3699 774 3744 ornat
805 3708 817 3744 :
850 3690 939 3744 illa
967 3697 1147 3743 autem
1185 3703 1306 3743 cum
1336 3687 1559 3745 confusa
1584 3697 1710 3758 stat,
1755 3701 1838 3745 ta-

243 3781 402 3835 ntetsi
445 3796 551 3834 non
596 3779 758 3848 adsit,
805 3781 1132 3836 erubescens
1173 3790 1228 3834 et
1270 3779 1566 3851 pudefacta.
1609 3780 1838 3838 Necesse

242 3876 386 3930 enim
411 3885 493 3928 est
521 3883 576 3928 ut
601 3875 884 3930 occasione
913 3874 1172 3943 cujusque
1202 3874 1365 3944 lapsa:
1393 3874 1508 3929 lucc
1536 3885 1835 3942 accusetur,

242 3975 297 4020 et
339 3965 530 4018 iterum
570 3964 956 4031 confundatur;
993 3975 1046 4020 et
1083 3965 1173 4020 ubi
1214 3966 1282 4021 de
1321 3982 1381 4021 re
1410 3967 1510 4021 hac
1537 3982 1717 4023 sermo
1757 3969 1833 4036 tit,

242 4057 377 4111 sicut
399 4056 487 4110 illa
514 4055 691 4123 beata,
721 4057 914 4111 itaista
947 4057 1140 4113 misera
1169 4068 1224 4113 et
1243 4059 1572 4128 calamitosa,
1601 4071 1655 4116 et
1681 4062 1836 4132 quid-

243 4150 325 4203 vis
370 4151 544 4204 simile
589 4151 856 4205 audietur.
897 4151 964 4206 Et
1003 4155 1139 4207 sicut
1183 4154 1323 4208 illam
1368 4170 1472 4209 non
1522 4157 1611 4226 qui
1655 4158 1837 4214 vident

241 4239 437 4305 solum,
469 4241 562 4293 sed
591 4249 645 4294 et
674 4241 761 4310 qui
794 4243 1058 4310 ignorant,
1086 4253 1142 4297 et
1171 4244 1316 4298 nullo
1343 4244 1603 4301 beneficio
1634 4247 1832 4316 alTeeti,

240 4333 514 4385 celebrant
539 4342 588 4386 et
625 4333 840 4388 laudant
874 4353 886 4388 :
919 4335 989 4389 ita
1015 4344 1069 4389 et
1098 4336 1236 4390 hanc
1266 4346 1526 4408 quotquot
1552 4340 1635 4394 vel
1662 4341 1836 4398 sciunt

241 4422 320 4474 vel
352 4423 595 4491 ignorant
624 4424 809 4492 ipsam,
841 4434 896 4478 et
921 4427 1009 4495 qui
1041 4427 1172 4480 nihil
1196 4429 1320 4490 mali
1343 4429 1410 4483 ab
1436 4445 1496 4483 ea
1518 4441 1641 4485 sunt
1664 4435 1828 4502 passi,

239 4513 479 4583 affligunt
501 4525 554 4568 et
581 4517 948 4570 criminantur.
977 4517 1109 4571 Nam
1142 4520 1173 4572 ii
1203 4521 1289 4589 qui
1321 4532 1465 4575 recte
1492 4523 1693 4587 vivunt,
1726 4539 1832 4577 non

238 4619 264 4656 a
303 4604 438 4657 notis
480 4605 674 4670 solum,
718 4606 811 4659 sed
846 4617 899 4659 et
938 4608 1005 4660 ab
1046 4608 1257 4677 ignotis,
1304 4610 1412 4664 imo
1455 4611 1521 4664 ab
1565 4612 1691 4678 ipsis
1734 4612 1835 4666 ini-

240 4693 389 4746 micis
421 4693 701 4747 laudantnr
730 4704 783 4749 et
823 4694 1160 4750 admirationi
1187 4706 1312 4752 sunt
1335 4719 1347 4753 ;
1373 4700 1460 4769 qui
1503 4710 1678 4756 autem
1709 4718 1832 4757 cor-

239 4785 376 4852 rupti
419 4794 472 4838 et
519 4784 765 4853 improbi,
800 4794 854 4838 et
892 4785 958 4840 ab
1000 4787 1189 4841 amicis
1228 4787 1553 4859 affliguntur.
1597 4791 1664 4845 Et
1701 4808 1830 4848 vero

237 4879 432 4930 divine
475 4877 576 4932 hoc
600 4877 948 4948 providentiae
975 4894 1110 4949 opus
1137 4889 1240 4948 est,
1263 4881 1404 4951 quod
1445 4891 1640 4937 tantam
1677 4885 1830 4941 nobis

237 4984 359 5021 eum
420 4970 694 5024 virtutibus
749 4972 1163 5040 cognationem,
1220 4982 1274 5028 et
1327 4976 1826 5031 tantamvitiorum

239 5059 683 5129 abominationem
725 5061 941 5130 indidit;
977 5072 1036 5117 ut
1075 5063 1163 5118 illa
1192 5063 1406 5134 quidem
1440 5067 1677 5120 omnium
1713 5068 1826 5122 cal-

239 5152 358 5204 culo
385 5152 654 5220 probetur,
692 5157 854 5208 ctiam
885 5169 1090 5220 eorum,
1128 5156 1218 5226 qui
1255 5158 1396 5211 illam
1443 5173 1546 5211 non
1591 5158 1827 5225 adeunt;

242 5244 438 5298 malitia
507 5261 633 5299 vero
699 5247 1087 5302 condemnetur
1147 5259 1202 5304 et
1271 5249 1339 5304 ab
1401 5249 1465 5305 iis
1528 5251 1614 5320 qui
1684 5252 1828 5305 illaut

244 5347 580 5406 aversantur,
624 5349 675 5393 et
721 5341 787 5394 ab
819 5341 881 5395 iis
921 5342 1010 5409 qui
1051 5341 1195 5395 illam
1239 5353 1637 5397 consectantur.
1681 5342 1830 5399 Unde

239 5433 463 5498 clarum,
504 5432 645 5501 quod
693 5433 910 5502 ignavas
955 5433 1073 5488 illas
1117 5450 1225 5489 non
1267 5436 1378 5489 noti
1418 5436 1612 5503 solum,
1650 5437 1744 5492 sed
1779 5446 1833 5492 et

242 5526 402 5586 igznoti
431 5535 764 5592 aversantur,
798 5535 851 5582 et
887 5527 1125 5584 maxime
1155 5531 1394 5584 onmium
1426 5531 1460 5585 ii
1490 5532 1578 5601 qui
1606 5532 1829 5586 cohabi-

242 5625 374 5669 tant.
407 5615 537 5670 Nam
578 5620 676 5672 etsi
708 5633 767 5672 se
804 5617 985 5673 dicant
1017 5620 1172 5676 valde
1195 5636 1292 5676 vos
1319 5623 1542 5693 diligere
1566 5633 1622 5679 et
1654 5625 1830 5678 admi-

244 5706 369 5768 rari,
415 5708 514 5761 ctsi
551 5709 774 5778 gratiam
819 5708 1050 5766 habeant
1081 5728 1176 5782 pro
1215 5714 1313 5769 hac
1345 5716 1613 5785 voluptate
1650 5725 1703 5770 et
1734 5731 1830 5785 pro

244 5796 396 5852 donis
425 5799 632 5870 vestris,
665 5808 898 5857 attamen
927 5801 1051 5858 odio
1083 5801 1274 5860 iterum
1305 5807 1455 5863 eritis
1480 5808 1825 5864 conscientiis

806 389 991 457 QUOD
1030 385 1762 445 Rfï¬‚GULARES-FEMINJE
1806 385 1982 442 \â€˜lRlS
2016 385 2457 443 COHABITARE
2495 387 2632 445 NON
2675 386 3010 445 DEBEANT.

3443 389 3547 444 536

1960 517 2167 565 eorum,
2207 503 2292 556 ubi
2323 519 2505 571 parum
2543 503 2886 574 resipuerint,
2923 513 2978 558 et
3022 503 3399 570 intellexerint,
3438 521 3545 574 quo

1958 593 2148 664 laqueo
2187 593 2384 650 fuerint
2420 596 2582 664 capti.
2609 594 2836 648 Tantum
2865 604 2948 650 est
2978 595 3211 663 nequitia
3241 594 3460 661 malum,
3488 605 3543 650 ut

1957 682 2013 747 ii,
2069 698 2204 752 quos
2247 684 2477 739 maxime
2527 685 2766 739 omnium
2815 683 3012 749 colitis,
3064 698 3158 738 vos
3210 684 3545 753 potissimum

1955 773 2357 830 condemnaturi
2379 775 2507 840 sint,
2525 775 2775 843 quoniam
2792 783 2848 829 et
2863 774 3093 829 maxime
3113 775 3350 828 omnium
3368 784 3544 829 vestra

1955 864 2130 918 sciunt
2157 865 2207 918 in
2236 866 2566 934 penitissima
2592 865 2832 933 admissi,
2856 874 2912 920 et
2935 874 3140 920 secreta
3165 875 3341 920 vestra
3367 868 3545 923 ornnia

1956 953 2252 1007 diflâ€˜amant.
2304 953 2371 1008 Et
2415 954 2557 1024 quod
2605 953 2818 1009 oderint
2863 955 2987 1010 hinc
3028 955 3366 1010 manifestum
3401 968 3488 1026 est
3530 975 3545 1012 :

1955 1044 2151 1113 saepius
2181 1044 2467 1100 voluerunt
2505 1044 2572 1099 ab
2600 1043 2699 1099 bac
2739 1046 2920 1101 scabie
2945 1055 2998 1100 et
3039 1046 3142 1101 hoc
3179 1046 3371 1102 morbo
3395 1049 3546 1117 gravi

1957 1131 2192 1199 liberari,
2222 1134 2444 1204 impedit
2476 1150 2603 1189 vero
2638 1135 2989 1203 consuetudo,
3029 1146 3084 1192 et
3113 1137 3356 1208 voluptas
3395 1153 3545 1207 quaÂ»
3619 1213 3621 1216 â´

1955 1221 2077 1276 dam
2107 1239 2223 1293 quae
2257 1226 2430 1282 inesse
2461 1225 2699 1292 videtur;
2726 1227 3161 1298 quandoquidem
3199 1240 3252 1287 et
3292 1229 3381 1284 illa
3411 1230 3542 1285 libe-

1955 1318 2063 1368 rari
2087 1315 2400 1385 mgritudine
2420 1326 2606 1387 optant
2629 1319 2866 1388 quidem,
2889 1335 3115 1390 eamque
3136 1336 3325 1377 omnes
3345 1323 3436 1392 qui
3460 1322 3547 1377 illa

1953 1405 2199 1460 laborant
2223 1407 2473 1475 oderunt;
2503 1417 2558 1463 at
2581 1407 2917 1463 delectantur
2945 1419 3120 1465 tamen
3147 1410 3278 1486 dum.
3306 1426 3367 1467 ea
3394 1411 3545 1468 labo-

1955 1506 2096 1560 rant,
2139 1505 2195 1550 ut
2223 1498 2276 1552 in
2318 1499 2425 1552 hoc
2455 1513 2583 1553 casu
2618 1498 2900 1569 contingit.
2932 1499 3066 1558 Nam
3095 1501 3220 1556 licet
3245 1503 3365 1572 quis
3393 1502 3548 1558 valde

1956 1579 2200 1644 miser'et
2225 1589 2570 1646 calamitosus
2603 1591 2692 1657 sit,
2723 1607 2828 1646 non
2866 1602 2948 1648 est
2981 1602 3156 1654 tamen
3188 1594 3259 1652 ita
3289 1595 3545 1664 despera-

1955 1687 2061 1743 tus,
2093 1695 2190 1733 uec
2222 1681 2290 1734 ita
2319 1696 2469 1735 suam
2495 1681 2643 1750 cupit
2670 1682 2936 1753 inquinari
2959 1683 3216 1752 gloriam,
3249 1694 3306 1739 ut
3336 1687 3459 1741 velit
3489 1687 3545 1740 in

1956 1769 2283 1839 turpitudine
2308 1775 2508 1839 vivere,
2541 1783 2595 1828 et
2632 1774 2685 1828 in
2724 1789 2820 1829 ore
2847 1777 3088 1830 omnium
3120 1778 3343 1844 versari,
3375 1779 3543 1833 male-

1953 1857 2110 1915 dictis
2138 1860 2356 1928 incessi,
2376 1862 2560 1929 rideri,
2595 1864 2899 1934 Opprobriis
2923 1868 3158 1932 onerari,
3182 1877 3239 1922 ct
3265 1879 3546 1938 spectacu-

1953 1950 2064 2006 lum
2092 1966 2210 2006 essc
2241 1952 2293 2006 in
2323 1953 2442 2008 foro
2468 1970 2776 2019 commune,
2806 1956 3157 2027 omniumque
3186 1958 3367 2027 digitis
3396 1976 3548 2014 mon-

1950 2045 2112 2098 strari
2171 2059 2267 2114 per
2320 2040 2686 2116 ignominiam.
2743 2046 3034 2104 Enimvero
3085 2066 3194 2105 non
3249 2067 3410 2121 parva
3465 2052 3548 2106 bis

1939 2125 2242 2193 insuavitas
2296 2137 2365 2192 ab
2419 2138 2722 2206 hujusmodi
2770 2141 3077 2210 suspicione
3122 2136 3376 2209 nascitur,
3427 2160 3552 2214 quae

1949 2229 2330 2284 conscientiam
2369 2231 2582 2286 assidue
2609 2231 2866 2302 exagitat,
2902 2243 2957 2288 et
2996 2235 3141 2289 omni
3171 2250 3353 2291 verme
3392 2247 3543 2293 tena-

1949 2316 2067 2371 cius
2116 2326 2349 2373 mentem
2395 2320 2538 2375 intus
2588 2321 2916 2392 depascitur.
2966 2323 3023 2379 Si
3069 2335 3248 2380 autem
3294 2326 3381 2382 ubi
3432 2328 3547 2383 iure

1949 2409 2088 2478 apud
2108 2410 2355 2466 homines
2382 2414 2623 2483 sequitur
2649 2413 2889 2483 infamia,
2913 2416 3039 2471 licet
3062 2416 3193 2471 nihil
3220 2418 3391 2487 palam
3421 2435 3546 2489 pro-

1950 2498 2143 2567 ferant,
2176 2500 2269 2560 sed
2299 2501 2436 2556 intra
2466 2517 2526 2557 se
2568 2504 2738 2558 solum
2778 2504 3115 2574 improbent,
3155 2517 3330 2564 tantus
3373 2511 3546 2564 oritur

1949 2590 2105 2645 dolor
2139 2609 2153 2644 :
2181 2607 2304 2647 cum
2333 2592 2400 2647 ad
2438 2593 2629 2664 injuria
2656 2594 2904 2650 affectum
2944 2582 3200 2666 sponsum
3237 2599 3534 2668 proï¬cisce-

1950 2696 2091 2746 mur,
2117 2697 2239 2736 cum
2263 2683 2470 2738 occulta
2503 2685 2554 2738 in
2584 2685 2820 2740 medium
2849 2684 3205 2752 adducentur,
3238 2689 3451 2758 quando
3482 2703 3536 2745 et

1947 2773 2108 2827 corda
2137 2775 2534 2843 revelabuntur,
2568 2784 2622 2832 et
2651 2792 2851 2844 sermo,
2879 2788 2934 2833 et
2974 2779 3163 2848 figura,
3193 2790 3250 2835 et
3286 2781 3455 2847 visus,
3489 2793 3543 2837 et

1947 2865 2206 2935 cogitatio
2244 2867 2489 2937 (transeo
2533 2869 2677 2924 enim
2725 2885 2844 2940 quae
2877 2868 2959 2925 his
2992 2871 3248 2942 turpiora)
3280 2889 3296 2926 :
3330 2873 3544 2943 quando

1949 2958 2108 3027 igitur
2137 2961 2314 3014 omnia
2336 2961 2651 3030 simpliciter
2675 2962 2730 3016 in
2753 2963 2882 3017 orbe
2913 2972 3025 3016 toto
3050 2963 3187 3017 nuda
3211 2966 3544 3034 apparebunt

1945 3058 1999 3102 et
2026 3060 2230 3118 aperta,
2255 3059 2506 3120 quantam
2529 3054 2912 3108 sustinebimus
2940 3054 3312 3123 ignominiam,
3342 3066 3394 3112 et
3414 3073 3545 3127 snp-

1946 3139 2184 3208 plicium,
2226 3150 2280 3194 ct
2321 3140 2646 3196 vindictam?
2679 3141 2833 3198 Tunc
2871 3143 3014 3198 enim
3059 3145 3102 3198 si
3141 3160 3247 3202 non
3290 3161 3350 3202 se
3387 3148 3543 3204 sistat

1946 3227 2152 3299 fulgens
2178 3231 2459 3287 virtutibus
2479 3233 2678 3298 anima,
2705 3242 2761 3287 ut
2786 3233 2943 3289 decet
2971 3235 3277 3304 hujusmodi
3301 3238 3540 3307 junctam

1944 3333 2162 3388 sponso;
2187 3322 2231 3375 si
2254 3337 2360 3376 non
2389 3325 2534 3377 omni
2557 3325 2693 3390 labe,
2722 3326 2925 3381 macula
2939 3337 2992 3381 et
3008 3343 3136 3398 ruga
3160 3330 3229 3383 sit
3253 3347 3399 3400 pura,
3421 3347 3542 3403 per-

1945 3411 2041 3467 ibit
2079 3421 2135 3467 et
2183 3425 2421 3471 extrema
2462 3415 2618 3472 feret.
2677 3418 2829 3486 Quod
2869 3420 2914 3474 si
2959 3423 3292 3491 quantalibet
3335 3427 3540 3481 macula

1945 3503 2142 3573 ejicere
2185 3506 2326 3560 illam
2372 3517 2565 3577 potest,
2598 3509 2812 3579 quando
2844 3511 3023 3566 multa:
3068 3515 3257 3569 sordes
3296 3526 3442 3584 sunt,
3485 3528 3543 3573 et

1945 3605 2123 3652 tantus
2164 3599 2343 3666 fcetor,
2391 3610 2444 3655 et
2489 3601 2718 3672 plurima
2765 3602 2964 3674 ubique
3015 3606 3212 3671 ulcera,
3258 3609 3378 3677 quis
3420 3627 3537 3665 eam

1943 3699 2091 3744 eruet
2113 3705 2144 3745 e
2169 3691 2431 3761 supplicio
2458 3705 2512 3749 et
2532 3694 2616 3749 illa
2645 3695 2839 3765 paena?
2860 3695 2991 3751 Nam
3015 3698 3058 3752 si
3082 3693 3168 3754 hic
3191 3699 3261 3754 ita
3287 3701 3538 3772 deSpecta

1944 3789 1997 3834 et
2027 3782 2259 3837 insuavis
2285 3785 2402 3854 ejus
2422 3795 2505 3842 est
2531 3787 2656 3854 vita,
2686 3797 2745 3844 ut
2765 3803 2955 3846 omnes
2981 3806 3099 3846 eam
3122 3803 3456 3863 aversentur,
3485 3805 3539 3850 et

1942 3876 2097 3930 amici
2130 3886 2184 3931 et
2209 3878 2431 3946 inimici,
2464 3880 2736 3950 quomodo
2769 3882 2963 3951 poterit
2991 3883 3058 3937 ad
3089 3883 3236 3954 regia
3266 3893 3536 3942 transcen-

1942 3966 2070 4021 dere
2098 3970 2378 4037 vestibula,
2423 3979 2569 4026 tanta
2599 3972 2693 4027 luti
2726 3973 2968 4030 foeditate
2997 3975 3200 4031 oblita?
3226 3977 3343 4033 Non
3385 3979 3536 4036 vides

1942 4057 2086 4127 quod
2128 4059 2178 4112 in
2219 4059 2381 4115 domo
2412 4062 2511 4116 viri
2550 4063 2741 4133 privati
2786 4075 2839 4120 et
2869 4066 2991 4122 vilis
3035 4083 3194 4122 nemo
3221 4068 3386 4125 ferret
3412 4087 3537 4142 por-

1941 4164 2061 4202 cum
2089 4149 2200 4203 luto
2230 4151 2523 4207 volutatum
2564 4153 2706 4208 intus
2736 4154 2966 4222 admitti,
3000 4156 3095 4212 sed
3139 4158 3286 4213 illum
3316 4161 3537 4231 abigunt

1941 4249 1996 4294 et
2022 4252 2413 4310 persequuntur
2436 4259 2644 4311 omnes,
2673 4255 2723 4300 et
2745 4246 2937 4316 januas
2964 4247 3242 4317 claudunt,
3272 4260 3326 4306 et
3353 4251 3536 4321 fugant

1943 4335 2161 4402 procul?
2190 4335 2243 4389 Si
2274 4347 2453 4390 autem
2483 4337 2697 4391 brutum
2731 4340 2961 4404 animal,
2995 4342 3047 4395 in
3081 4342 3195 4398 luto
3224 4344 3530 4412 educatum,

1943 4442 2045 4479 non
2094 4426 2270 4481 ferunt
2321 4429 2564 4484 homines
2607 4431 2749 4486 intus
2787 4435 2963 4504 excipi
3007 4450 3128 4488 cum
3172 4436 3260 4490 tali
3302 4440 3532 4505 macula,

1941 4519 2209 4587 quomodo
2242 4520 2292 4572 in
2320 4520 2555 4574 caelestia
2579 4521 2950 4591 tabernacula,
2981 4526 3069 4580 ubi
3111 4535 3257 4581 tanta
3297 4529 3530 4594 claritas,

1942 4612 2028 4665 ubi
2081 4613 2258 4666 omnia
2306 4613 2522 4682 fulgida,
2569 4614 2655 4668 ubi
2707 4614 2797 4669 qu
2853 4617 3148 4685 inaccessa,
3193 4620 3281 4674 ubi
3329 4621 3534 4691 fulgure

1939 4705 2085 4759 omni
2117 4705 2424 4774 fulgidiores
2455 4717 2741 4762 occurrent
2768 4709 3022 4778 virgines,
3068 4712 3263 4781 poterit
3299 4715 3418 4782 quis
3456 4716 3533 4770 sic

1939 4797 2310 4866 coinquinatns
2355 4796 2594 4867 ingredi?
2622 4799 2752 4863 Quae
2795 4815 2898 4854 non
2943 4799 3214 4856 habebant
3253 4804 3453 4870 oleum,
3501 4823 3528 4858 Î¹Î¹

1941 4887 2176 4941 thalamo
2203 4887 2433 4941 exclusa:
2465 4897 2610 4955 sunt,
2637 4895 2692 4942 et
2719 4890 2991 4958 quomodo
3017 4907 3111 4945 vos
3146 4894 3302 4963 adyta
3334 4894 3421 4948 illa
3455 4897 3534 4949 in-

1938 4979 2085 5048 gredi
2143 4979 2508 5047 exspectatis?
2555 4980 2766 5034 Etenim
2817 4983 2984 5038 multo
3031 4982 3132 5038 hoc
3179 4985 3268 5040 illo
3316 4989 3528 5056 gravius

1939 5081 2213 5141 peccatum
2244 5079 2346 5126 est.
2386 5071 2502 5125 Non
2531 5072 2676 5125 enim
2704 5081 2786 5126 est
2819 5088 2934 5142 par,
2973 5077 3308 5145 corporalem
3350 5081 3529 5133 cibum

1939 5179 2044 5218 non
2079 5163 2371 5231 impertire,
2395 5173 2447 5217 et
2469 5162 2661 5217 multas
2687 5163 2912 5233 perdere
2933 5166 3156 5221 animas.
3188 5167 3295 5220 illa:
3314 5170 3531 5238 quidem

1942 5271 2200 5326 pauperes
2242 5256 2385 5310 nulla
2418 5257 2469 5310 in
2500 5272 2559 5310 re
2588 5256 2880 5326 affecerant
2918 5259 3129 5329 injuria,
3163 5261 3255 5315 sed
3277 5249 3408 5330 quia
3437 5280 3531 5317 sua

1943 5350 2048 5405 illis
2072 5366 2176 5404 non
2209 5349 2493 5419 impartitze
2524 5359 2668 5418 sunt,
2698 5367 2871 5423 neque
2909 5368 3094 5408 eorum
3127 5356 3358 5418 impiam
3388 5356 3532 5410 leva-

1937 5449 2148 5506 verunt,
2192 5441 2308 5494 iure
2347 5455 2516 5510 passa:
2557 5450 2680 5495 sunt
2713 5460 2724 5496 :
2757 5453 2810 5496 tu
2845 5452 3023 5516 autem
3065 5444 3256 5513 injuria
3283 5444 3528 5509 atlâ€˜ecisti,

1938 5541 1993 5586 et
2012 5531 2282 5601 expulisti,
2301 5541 2354 5586 et
2380 5547 2484 5586 non
2502 5533 2672 5587 solum
2698 5548 2802 5588 non
2828 5533 3092 5604 profuisti,
3117 5535 3211 5590 sed
3233 5545 3284 5591 et
3303 5538 3534 5591 maxime

1939 5623 2190 5677 nocuisti.
2217 5622 2372 5689 Quod
2395 5622 2440 5678 si
2464 5639 2583 5694 qua:
2609 5623 2743 5678 nihil
2771 5622 3104 5694 profuerunt,
3139 5635 3338 5680 tantam
3367 5625 3529 5680 dede-

1940 5725 2062 5770 runt
2089 5729 2323 5785 pmnam,
2348 5716 2648 5784 prmsertim
2675 5715 2979 5787 virginitate
3001 5717 3206 5772 sincera
3240 5727 3490 5772 manente
3517 5735 3528 5767 Îµ

1937 5823 2056 5879 qua:
2102 5824 2207 5864 non
2253 5807 2426 5863 solum
2468 5809 2680 5864 inutiles
2719 5808 2859 5877 aliis,
2893 5807 2986 5864 sed
3024 5816 3076 5865 et
3125 5809 3410 5880 plurimum
3459 5811 3526 5865 siâ€”
