4264 6312
713 371 814 427 5'27

715 485 899 551 liiipsis
931 489 1244 540 noetierunt,
1269 491 1474 530 necnon
1503 473 1974 528 contubernalibus
1993 482 2046 524 et
2075 472 2159 536 iis,
2191 469 2280 540 qui

713 572 1050 629 scandalizati
1077 579 1218 631 sunt,
1245 577 1296 622 et
1325 582 1436 637 prae
1466 565 1712 618 omnibus
1741 578 1932 618 nomen
1960 563 2137 631 sponsi
2161 576 2288 615 con-

713 663 925 717 tumelia
963 661 1277 724 affecerunt,
1318 657 1528 726 qualem
1575 655 1915 709 sustinebunt
1959 652 2288 708 cruciatum?

715 755 793 806 An
836 752 1052 805 nescitis
1082 750 1292 820 qualem
1325 763 1438 802 rem
1471 761 1754 815 aggressze,
1788 746 1838 798 in
1870 759 2026 814 quem
2063 758 2287 813 agonem

712 852 984 900 instructae
1019 843 1184 895 estis?
1219 855 1376 910 quam
1415 839 1580 908 prmlii
1622 847 1823 908 partem
1859 836 2096 891 sortitze?
2137 836 2286 906 Apud

711 937 886 1004 ipsum
917 934 1040 988 belli
1063 933 1273 994 ducem,
1301 931 1407 984 imo
1433 928 1570 999 apud
1595 931 1765 997 ipsum
1793 927 2044 981 habitatis
2070 942 2248 996 regem
2267 963 2284 992 ,

711 1033 765 1078 et
809 1023 1066 1076 militatis.
1107 1020 1260 1074 Sicut
1296 1019 1456 1088 igitur
1493 1019 1541 1071 iu
1584 1015 1735 1070 bellis
1775 1031 1880 1069 non
1914 1031 2075 1068 unum
2115 1015 2288 1069 locum

711 1113 976 1167 exercitus
1002 1111 1176 1166 omnis
1205 1119 1445 1178 occupat,
1471 1108 1561 1162 sed
1585 1109 1673 1161 alii
1702 1121 1899 1161 cornua
1923 1107 2167 1177 agminis,
2197 1106 2288 1160 alii

712 1203 969 1268 medium,
992 1202 1080 1254 alii
1107 1210 1393 1269 postrema,
1411 1199 1501 1251 alii
1527 1196 1757 1251 frontem
1780 1198 2054 1266 phalangis
2074 1203 2284 1261 ornant,

713 1293 800 1345 alii
826 1300 1001 1345 autem
1033 1293 1117 1345 ubi
1137 1305 1227 1343 rex
1245 1296 1521 1366 comparet
1539 1288 1732 1356 ubique
1757 1302 1874 1340 eum
1903 1287 2017 1355 ipso
2034 1293 2290 1355 apparent

714 1399 777 1438 ac
805 1398 928 1437 cum
959 1383 1074 1450 ipso
1102 1391 1324 1434 currunt
1356 1397 1369 1432 :
1404 1379 1481 1432 sie
1522 1393 1731 1448 quoque
1771 1379 2032 1446 virginum
2073 1377 2287 1442 chorus,

714 1475 759 1528 si
790 1488 913 1528 vere
943 1472 1203 1541 virginum
1233 1472 1428 1525 chorus
1460 1471 1548 1531 sit,
1579 1469 1784 1524 nullum
1815 1470 1998 1532 alium,
2029 1469 2129 1522 nisi
2152 1468 2292 1521 hunc

715 1564 958 1618 ordinem
985 1565 1207 1617 sortitus
1237 1570 1336 1616 est.
1379 1561 1493 1614 Non
1530 1561 1606 1614 sic
1635 1561 1670 1614 ii
1706 1563 1793 1630 qui
1824 1575 2012 1614 aureas
2040 1570 2187 1629 togas
2211 1558 2292 1612 in-

715 1655 849 1716 duti,
877 1664 930 1708 et
951 1656 1100 1723 equis
1121 1668 1252 1708 auro
1274 1653 1475 1706 ornatis
1503 1653 1661 1715 vecti,
1689 1661 1742 1706 et
1775 1666 1934 1706 aurea
1963 1651 2292 1721 gemmisque

716 1747 961 1800 distincta
991 1745 1226 1799 ferentes
1261 1753 1433 1810 scuta,
1471 1745 1611 1813 regis
1641 1745 1981 1811 prmsentiam
2018 1743 2292 1798 declarare

716 1837 930 1901 debent,
956 1846 1013 1890 ut
1041 1837 1187 1905 virgo
1212 1834 1428 1888 Christi.
1452 1834 1584 1888 Nam
1614 1835 1684 1888 illi
1713 1834 1927 1904 quidem
1954 1835 2091 1903 apud
2122 1835 2291 1903 ipsum

716 1943 930 1980 currum
958 1928 1158 1996 regium
1185 1935 1495 1991 versantur;
1523 1926 1670 1995 virgo
1692 1935 1866 1982 autem
1889 1928 2064 1996 regius
2085 1942 2293 1996 quoque

716 2033 906 2071 currus
934 2019 1009 2083 lit,
1035 2019 1172 2071 sicut
1199 2015 1504 2082 Cherubim,
1535 2016 1578 2069 si
1606 2017 1734 2080 vult,
1762 2025 1816 2071 et
1835 2016 2009 2070 adstat
2033 2016 2130 2084 ipsi
2158 2008 2294 2070 sicut

715 2109 1018 2177 Seraphim.
1515 2186 1518 2193 Ι

787 2200 839 2252 7.
871 2197 1014 2250 Vera:
1027 2198 1230 2267 virginis
1252 2197 1799 2266 mora.—lgiturcum
1819 2198 1868 2250 in
1888 2197 2154 2265 publicum
2175 2213 2296 2266 pro-

714 2290 810 2350 dit,
844 2298 1051 2358 Oportet
1089 2290 1263 2342 omnis
1295 2288 1638 2357 philos0phire
1681 2289 1950 2357 specimen
1987 2304 2095 2358 prze
2131 2305 2190 2346 se
2215 2289 2293 2344 fe-

718 2391 818 2444 rat,
847 2389 898 2432 et
921 2394 1108 2432 omnes
1130 2380 1180 2432 in
1212 2384 1483 2446 stuporem
1504 2387 1804 2444 convertat,
1828 2380 1965 2434 sicut
1995 2380 2211 2444 angelus
2249 2381 2293 2434 si

719 2487 858 2525 nunc
885 2485 916 2525 e
952 2471 1082 2524 casio
1109 2470 1457 2547 descenderet
1483 2509 1498 2536 ,
1525 2479 1577 2524 et
1604 2470 1739 2524 sicut
1777 2485 1842 2525 ex
1878 2470 2150 2524 cherubim
2195 2471 2290 2524 ali-

714 2567 831 2628 quis
870 2564 913 2616 si
960 2565 1009 2616 in
1054 2562 1211 2616 terris
1258 2571 1571 2630 appareret,
1619 2577 1806 2616 omnes
1855 2562 2096 2616 homines
2141 2563 2192 2615 in
2238 2575 2296 2615 se

719 2661 1057 2712 converteret
1079 2669 1092 2704 :
1114 2652 1190 2705 sic
1216 2660 1270 2705 et
1294 2652 1549 2720 virginem
1578 2665 1765 2706 omnes
1786 2652 1873 2721 qui
1901 2651 2102 2717 vident,
2133 2650 2296 2705 addu-

719 2757 842 2798 cere
867 2743 918 2795 in
948 2740 1355 2796 admirationem
1381 2750 1435 2794 et
1483 2749 1753 2809 stuporem
1800 2755 1910 2795 sua:
1936 2742 2296 2795 sanctimoniae

717 2844 951 2902 OpOrlcl.
972 2833 1104 2887 Nam
1132 2831 1316 2898 sidum
1342 2833 1555 2896 incedit,
1578 2832 1726 2901 quasi
1752 2847 1846 2901 per
1877 2836 2145 2886 acSertum
2173 2843 2293 2896 eat;

717 2924 930 2994 quando
960 2934 1136 2977 autem
1166 2922 1316 2977 sedet
1345 2923 1397 2977 in
1429 2924 1689 2989 ecclesia,
1718 2925 2128 2996 profundissimo
2165 2940 2285 2978 eum

721 3015 968 3078 silentio;
1012 3014 1197 3068 oculus
1229 3015 1343 3082 ejus
1383 3013 1584 3068 nullum
1616 3013 1789 3068 videat
1821 3015 2250 3082 prmtereuntium
2278 3057 2291 3078 ,

719 3120 823 3156 non
846 3104 1125 3157 mulierum
1149 3145 1161 3166 ,
1190 3119 1292 3156 non
1320 3104 1552 3158 virorum
1577 3144 1593 3169 ,
1622 3104 1714 3159 sed
1757 3105 1928 3159 solum
1956 3120 2211 3174 sponsum
2240 3117 2296 3160 ut

715 3203 1032 3264 prmsentem
1061 3203 1113 3248 et
1142 3186 1485 3264 conspicuum
1521 3197 1860 3251 :conccdens
1897 3207 2070 3249 autem
2104 3197 2293 3250 iterum

714 3285 763 3336 in
794 3285 1038 3348 domum,
1065 3285 1112 3338 ei
1139 3285 1188 3337 in
1220 3285 1460 3352 precibus
1483 3286 1759 3353 loquatur,
1789 3295 1840 3340 et
1864 3285 1979 3355 ejus
2001 3287 2163 3340 solius
2190 3302 2291 3340 vo-

717 3391 833 3430 cem
880 3391 976 3445 per
1021 3376 1324 3443 Scripturas
1368 3376 1587 3430 audiat:
1621 3376 1760 3430 domi
1799 3391 1928 3432 vero
1975 3393 2093 3432 eum
2136 3394 2292 3446 quem

719 3466 987 3519 desiderat
1009 3474 1061 3519 et
1087 3476 1268 3528 amat,
1298 3465 1468 3520 solum
1497 3466 1727 3536 cogitet,
1746 3469 1817 3523 sit
1844 3469 1994 3539 quasi
2019 3470 2292 3540 peregrina

718 3566 770 3610 et
801 3555 1000 3610 advena
1019 3598 1032 3622 ,
1061 3557 1344 3626 omniaque
1369 3554 1524 3610 faciat
1549 3558 1698 3626 quasi
1729 3573 1817 3612 res
1844 3571 2134 3627 prmsentes
2164 3561 2292 3613 nihil

714 3648 778 3701 ad
807 3663 922 3701 eam
964 3648 1288 3715 pertineant;
1316 3655 1369 3701 et
1395 3661 1500 3701 non
1531 3649 1699 3702 solum
1743 3650 2097 3704 masculorum
2129 3651 2293 3721 fugiat

716 3747 961 3807 aspectus
981 3778 998 3804 ,
1025 3737 1116 3792 sed
1161 3746 1216 3792 et
1253 3742 1574 3793 conventum
1607 3741 1941 3795 saecularium
1971 3744 2248 3797 mulierum
2278 3786 2291 3806 ,

717 3838 967 3897 tantaque
994 3830 1204 3896 corpori
1252 3830 1581 3898 suppeditet,
1623 3839 1818 3902 quanta
1849 3826 2066 3888 necesse
2093 3845 2174 3888 est
2195 3877 2207 3898 ,
2241 3845 2292 3889 ct

723 3921 967 3974 universa
1001 3919 1051 3972 in
1093 3921 1284 3973 animae
1310 3920 1535 3975 salutem
1566 3922 1836 3991 impendat
1867 3942 1879 3978 :
1911 3927 2164 3994 quismon
2199 3927 2292 3980 ad-

715 4011 970 4076 miretur,
1003 4011 1118 4078 quis
1156 4026 1259 4062 non
1303 4011 1676 4082 Obstupescat,
1729 4014 1779 4066 in
1831 4016 2072 4069 muliebri
2105 4025 2287 4070 natura

713 4105 874 4156 vitam
906 4103 1194 4172 angelicam
1219 4097 1464 4157 intuens?
1484 4106 1602 4173 quis
1630 4116 1804 4160 autem
1835 4106 1995 4160 homo
2015 4108 2289 4172 accedere,

715 4195 834 4264 quis
856 4204 1070 4263 tangere
1099 4194 1290 4248 audeat
1320 4203 1424 4248 tam
1455 4194 1762 4264 ﬂagrantem
1799 4199 2065 4250 animam?
2094 4198 2292 4267 Eapro-

714 4295 831 4352 pter
861 4297 1045 4338 omnes
1074 4285 1282 4353 quidem
1305 4284 1371 4338 ab
1403 4300 1463 4339 ea
1508 4286 1845 4341 abstinebunt
1871 4330 1884 4352 ,
1916 4299 1968 4341 et
2013 4297 2205 4359 sponte
2238 4299 2290 4343 et

719 4374 903 4438 inviti;
948 4389 1133 4428 omnes
1178 4375 1302 4429 item
1335 4376 1386 4429 in
1437 4384 1705 4444 stuporem
1753 4386 2059 4442 vertentur,
2110 4389 2293 4448 utpote

719 4479 904 4517 aurum
928 4464 1134 4533 fulgens
1160 4475 1211 4518 et
1233 4465 1449 4534 ignitum
1470 4466 1727 4522 videntes.
1745 4467 1872 4521 Nam
1892 4479 1944 4522 et
1965 4469 2078 4522 auri
2101 4480 2288 4523 natura

713 4553 871 4607 habet
897 4570 992 4624 per
1011 4569 1068 4608 se
1092 4556 1311 4608 multum
1336 4554 1574 4625 fulgoris;
1600 4572 1719 4610 cum
1743 4567 1917 4613 autem
1950 4571 2002 4614 et
2026 4561 2197 4629 ignem
2239 4562 2288 4613 in

712 4658 771 4697 se
811 4653 986 4709 tenet,
1018 4644 1202 4712 majori
1235 4646 1493 4698 miraculo
1520 4655 1602 4700 est
1627 4658 1679 4701 et
1708 4649 2008 4704 terribilior.
2046 4651 2197 4718 Quod
2243 4650 2287 4705 si

714 4731 813 4786 hoc
846 4732 895 4785 in
924 4748 1168 4802 corpore,
1199 4735 1411 4803 quando
1440 4735 1576 4789 idem
1608 4738 1657 4791 in
1687 4740 1857 4792 anima
1890 4743 2148 4811 contingit
2191 4757 2288 4794 au-

713 4838 825 4890 rea,
858 4839 964 4877 non
997 4833 1120 4878 tunc
1147 4824 1450 4881 hominibus
1479 4828 1681 4892 solum,
1713 4830 1806 4884 sed
1837 4842 1889 4883 et
1917 4833 2118 4900 angelis
2147 4831 2288 4887 desi-

712 4913 948 4968 derabile
996 4918 1098 4969 erit
1130 4914 1229 4969 hoc
1277 4919 1656 4985 spectaculum.
1685 4921 1859 4986 Quare
1885 4936 2011 4993 ergo
2053 4925 2287 4978 vestibus

712 5004 935 5073 teipsam
963 5019 1123 5059 ornas
1143 5047 1157 5072 ,
1187 5021 1307 5076 quae
1335 5008 1401 5062 ab
1429 5008 1525 5062 hae
1544 5009 1754 5065 ﬂamma
1789 5021 1989 5066 tantum
2013 5013 2173 5069 habes
2195 5031 2285 5070 or-

711 5094 933 5147 natum?
959 5093 1168 5149 Etenim
1197 5107 1371 5151 vestes
1398 5114 1504 5152 non
1527 5108 1652 5154 sunt
1678 5101 1812 5156 data:
1839 5113 1894 5157 ut
1914 5104 1989 5157 eis
2011 5121 2283 5175 ornemur,

705 5184 798 5237 sed
822 5193 876 5236 ut
899 5185 1152 5241 nuditatis
1179 5185 1471 5243 foeditatem
1498 5192 1821 5247 occultemus
1844 5236 1858 5260 ,
1888 5210 1990 5248 non
2023 5207 2074 5250 ut
2096 5198 2284 5252 talibus

707 5276 1007 5340 induantur,
1028 5295 1144 5347 qu.»
1175 5294 1272 5333 nos
1303 5281 1488 5350 majori
1514 5284 1846 5351 turpitudini,
1868 5303 2025 5356 quam
2053 5290 2164 5358 ipsa
2184 5307 2284 5343 nu-

703 5367 838 5420 ditas
861 5409 876 5434 ,
907 5384 1176 5438 exponant
1233 5371 1431 5426 ldeirCo
1459 5382 1508 5427 et
1537 5374 1704 5428 Adam
1734 5377 1904 5431 induit
1947 5380 2084 5433 Deus
2110 5390 2286 5436 vestes

704 5460 952 5527 pellieeas
977 5460 1126 5529 (Gen.
1152 5463 1201 5517 ὅ.
1222 5461 1348 5531 21),
1375 5464 1619 5519 similiter
1640 5475 1693 5520 et
1708 5467 1822 5535 ejus
1839 5485 2087 5536 uxorem;
2109 5486 2286 5540 quam-

704 5567 780 5602 \‘lS
826 5552 867 5604 si
899 5553 1188 5619 voluisset,
1222 5555 1456 5623 pulchris
1495 5572 1614 5612 eum
1650 5561 1903 5627 potuisset
1943 5562 2162 5618 induere
2197 5581 2288 5618 ve-

704 5643 905 5706 stibus;
956 5645 1048 5698 sed
1096 5646 1249 5700 nobis
1288 5649 1580 5715 anuquitus
1620 5658 1674 5704 et
1719 5665 1809 5718 per
1853 5651 1970 5705 illas
2017 5654 2284 5707 ostendit.

699 5749 768 5800 qu
793 5737 840 5789 id
867 5751 968 5788 non
994 5737 1060 5790 sit
1084 5752 1319 5807 prmsens
1344 5748 1550 5808 tempus
1571 5740 1878 5801 deliciarum
1903 5784 1919 5810 ,
1944 5745 2033 5803 sed
2056 5747 2284 5816 gemitu.c

1449 359 1502 416 S.
1545 359 1820 414 JO.\NN|S
1841 356 2319 414 CHRYSOSTOMI
2351 354 2673 412 ARClllEP.
2707 350 3239 413 CONSTANTINOP.

3884 355 3987 412 ςεε

2394 479 2447 524 et
2476 472 2740 537 planctus.
2771 471 2922 537 Quod
2953 471 2994 524 si
3033 472 3336 540 ignominize
3361 481 3441 524 est
3485 479 3537 525 et
3569 466 3978 528 condemnatio-

2394 561 2476 613 nis
2499 601 2514 624 ,
2544 567 2596 612 et
2621 575 2683 613 ex
2713 571 2932 628 peccato
2956 563 3100 614 venit
3131 571 3186 615 ut
3217 562 3408 614 amictu
3443 562 3676 631 indigeas
3696 606 3710 629 ,
3738 565 3862 633 quid
3891 579 3981 618 rea

2393 651 2760 720 prebensionis
2805 652 3079 705 materiam
3127 653 3332 721 auges?
3370 667 3438 707 an
3481 668 3585 707 non
3637 656 3767 708 satis
3795 671 3980 708 casum

2393 749 2636 794 nostrum
2665 740 2859 795 indicat
2879 782 2892 804 ,
2917 742 3058 810 quod
3081 743 3320 797 vestibus
3340 745 3625 812 egeamus?
3650 760 3747 799 cur
3770 745 3980 801 crimen

2392 833 2719 899 exaggeras‘!
2745 845 2840 884 cur
2869 831 3154 901 indigentia
3182 833 3444 902 ampliore
3463 836 3855 890 accusationem
3884 852 3983 889 au-

2391 921 2530 989 ges?
2574 920 2866 990 Oportebat
2909 923 3051 975 enim
3082 922 3283 990 ejulare
3326 932 3382 976 et
3403 939 3617 993 gemere
3642 967 3656 990 ,
3695 934 3748 980 et
3782 939 3983 995 corpus

2394 1009 2568 1077 ipsum
2593 1009 2882 1079 castigare,
2911 1011 3201 1066 secundum
3230 1012 3452 1067 Paulum
3481 1014 3555 1084 (Ι.
3586 1015 3704 1069 Cor.
3744 1016 3799 1072 9.
3829 1016 3926 1086 ‘27)
3965 1033 3981 1070 :

2394 1114 2492 1154 nos
2539 1109 2717 1155 autem
2759 1101 3042 1168 sedemus,
3083 1111 3136 1157 et
3177 1104 3472 1168 velamenta
3503 1106 3788 1162 artiﬁciose
3843 1123 3981 1162 eou-

2394 1199 2659 1257 terentes,
2683 1192 2819 1246 sicut
2843 1193 2887 1246 si
2911 1195 3028 1262 quis
3051 1203 3285 1249 tumores
3303 1196 3442 1249 circa
3465 1197 3650 1251 oculos
3680 1197 3882 1253 habens
3917 1212 3983 1253 ea

2394 1291 2614 1352 cogatur
2636 1283 2883 1339 obvelare
2903 1326 2921 1352 ,
2948 1293 3001 1338 et
3044 1285 3160 1339 hare
3185 1286 3358 1340 adhuc
3387 1287 3683 1341 velamenta
3727 1299 3979 1343 exornet.

2395 1372 2680 1442 Propterea
2708 1373 2889 1428 Helias
2916 1417 2930 1439 ,
2958 1385 3239 1444 propterea
3283 1375 3516 1431 Joannes
3543 1377 3839 1447 simplicem
3881 1379 3984 1431 lia-

2395 1461 2582 1517 bentes
2621 1463 2870 1518 amictum
2901 1475 2956 1519 et
2999 1465 3249 1534 pelliceas
3293 1467 3498 1522 tunicas
3523 1509 3537 1532 ,
3567 1477 3623 1522 et
3667 1468 3903 1523 vestibus
3951 1483 3984 1523 θ

2395 1553 2517 1622 pilis
2546 1553 2734 1618 induti,
2762 1555 3086 1610 anhelabant
3112 1568 3162 1611 et
3189 1559 3634 1627 concupiscebant
3663 1559 3983 1614 indumenta

2397 1643 2806 1713 incorruptionis
2835 1648 3095 1715 accipere.
3127 1647 3204 1701 Tu
3233 1657 3410 1701 autem
3453 1651 3690 1703 scenicas
3722 1650 3982 1705 mulieres

2395 1733 2657 1801 praecellis
2695 1736 2920 1789 vestium
2961 1737 3305 1804 curiositate,
3353 1738 3542 1807 quibus
3593 1740 3812 1793 insidias
3842 1740 3982 1794 adu-

2396 1823 2718 1878 lescentibus
2763 1825 3174 1895 elegantioribus
3200 1842 3375 1896 pares.
3398 1827 3512 1882 Non
3545 1830 3623 1883 sic
3649 1835 3700 1883 te
3737 1829 3887 1883 indui
3929 1839 3988 1884 et

2396 1913 2573 1965 ornari
2605 1912 2714 1966 vult
2734 1928 2987 1982 sponsus,
3017 1915 3107 1969 sed
3137 1916 3186 1969 in
3214 1917 3388 1970 anima
3419 1925 3504 1970 tua
3527 1933 3740 1972 omnem
3767 1919 3984 1987 reposiv

2399 2009 2506 2054 tam
2531 2015 2680 2055 suam
2706 2016 2825 2057 esse
2850 2003 3066 2072 gloriam
3087 2004 3281 2073 jussit;
3305 2013 3358 2059 tu
3379 2014 3554 2060 autem
3574 2007 3714 2061 illam
3737 2009 3986 2077 negligis,

2397 2107 2459 2145 ac
2499 2092 2666 2146 lutum
2695 2108 2758 2148 ae
2783 2095 3017 2150 cinerem
3064 2097 3211 2151 varie
3235 2096 3457 2154 decoras
3480 2140 3494 2165 ,
3527 2107 3580 2153 et
3609 2109 3880 2154 amatores
3906 2101 3990 2154 in-

2406 2184 2747 2238 continentes
2774 2185 2963 2249 iilicis,
2995 2197 3049 2240 et
3074 2187 3341 2243 adulteros
3372 2187 3501 2243 facis
3524 2205 3657 2259 pene
3686 2205 3875 2245 omnes
3895 2192 3990 2259 qui

2402 2279 2453 2324 te
2476 2271 2673 2326 vident.
2701 2275 2765 2327 Et
2784 2275 2923 2344 quod
2958 2277 3176 2330 multum
3212 2277 3335 2333 hinc
3358 2280 3529 2348 ignem
3559 2295 3815 2350 congeras
3836 2322 3852 2347 ,
3886 2295 3989 2336 nec

2400 2369 2452 2417 te
2485 2372 2610 2430 puto
2638 2365 2842 2420 inficias
2885 2368 2998 2431 ire;
3031 2369 3170 2437 quod
3217 2378 3396 2424 autem
3429 2371 3550 2426 inde
3594 2373 3880 2442 ignominia
3933 2383 3992 2429 et

2401 2454 2594 2521 probra
2622 2467 2944 2525 sequantur,
2978 2459 3028 2512 id
3073 2475 3136 2513 ex
3187 2463 3514 2517 amatoribus
3545 2464 3647 2518 tuis
3674 2465 3983 2520 ostendam.

2404 2541 2533 2595 Nam
2563 2559 2682 2597 cum
2709 2561 2768 2599 ea
2798 2561 2916 2615 quae
2943 2549 3174 2602 animam
3205 2561 3390 2615 ornat,
3428 2553 3590 2607 Deum
3620 2568 3730 2607 sua:
3751 2555 3992 2623 pulchri-

2405 2634 2602 2689 tudinis
2631 2634 2824 2691 habeat
2852 2649 3168 2706 amatorem,
3195 2649 3252 2695 tu
3275 2657 3402 2696 vero
3435 2643 3682 2699 homines
3703 2687 3718 2711 ,
3748 2646 3856 2700 imo
3885 2661 3991 2701 non

2402 2722 2645 2780 homines
2665 2765 2682 2792 ,
2704 2726 2795 2781 sed
2828 2742 3020 2796 porcos
3047 2738 3101 2783 et
3137 2745 3296 2785 canes
3317 2771 3332 2796 ,
3362 2744 3415 2786 et
3445 2733 3489 2786 si
3529 2734 3657 2803 quid
3706 2738 3876 2804 magis
3909 2744 3995 2791 est

2401 2815 2623 2869 rationis
2651 2831 2841 2885 expers
2877 2834 2890 2870 :
2924 2819 3044 2888 quis
3085 2819 3157 2874 ita
3203 2829 3285 2874 est
3323 2822 3612 2890 insipiens,
3654 2835 3711 2878 ut
3751 2834 3804 2880 te
3830 2840 3993 2879 orna-

2403 2905 2589 2959 tiorem
2620 2907 2720 2961 illis
2750 2917 2897 2990 putet
2922 2950 2936 2974 ,
2961 2926 3185 2978 quarum
3217 2913 3486 2969 desiderio
3515 2917 3654 2969 Deus
3679 2916 3893 2971 ducitur
3921 2919 3994 2972 ob

2394 2997 2665 3052 .iuternam
2700 2999 3128 3078 formositatem?
3156 3005 3332 3073 Atque
3369 3006 3504 3061 adeo
3527 3048 3540 3072 ,
3574 3016 3773 3076 quanto
3809 3011 3991 3064 curio-

2401 3087 2544 3141 sitati
2576 3090 2692 3156 plus
2740 3105 2898 3156 vacas
2925 3134 2941 3158 ,
2991 3103 3136 3147 tanto
3178 3096 3588 3151 abominabilior
3626 3099 3759 3152 facta
3809 3115 3866 3154 es
3899 3119 3910 3152 :
3940 3109 3994 3155 et

2405 3178 2568 3231 Deum
2595 3164 2807 3248 quidem
2834 3197 2862 3235 a
2893 3191 2947 3236 te
2983 3187 3178 3239 avertis
3202 3227 3215 3249 ,
3249 3188 3346 3240 hos
3393 3197 3570 3241 autem
3619 3189 3796 3252 iilicis,
3834 3191 3988 3245 hinc-

2398 3286 2503 3341 que
2531 3280 2679 3327 tanto
2723 3275 2895 3344 magis
2937 3274 3072 3330 [teda
3103 3291 3165 3330 ac
3212 3280 3378 3344 turpis
3417 3295 3664 3348 appares.
3697 3279 3830 3335 Nam
3862 3299 3996 3350 quo-

2401 3361 2560 3416 modo
2587 3379 2692 3416 non
2728 3365 2897 3434 turpis
2917 3406 2932 3431 ,
2957 3367 2999 3419 si
3049 3367 3213 3421 Deum
3241 3368 3456 3423 allicere
3485 3386 3589 3423 non
3619 3373 3804 3440 potes?
3839 3372 3994 3438 Quod

2400 3452 2442 3505 si
2488 3467 2607 3521 qua:
2636 3468 2695 3508 se
2724 3465 2916 3520 ornat,
2964 3457 3098 3511 adeo
3148 3459 3384 3527 ingrata;
3425 3475 3543 3529 quae
3591 3461 3991 3519 eohahitantem

2401 3543 2594 3610 habet,
2627 3547 2798 3617 cogita
2825 3557 3080 3616 quantum
3105 3551 3352 3605 conciliet
3378 3551 3477 3604 sibi
3507 3552 3704 3606 odium.

2471 3636 2523 3690 8.
2554 3635 2658 3691 Sed
2690 3638 2734 3691 si
2761 3639 2997 3705 videtur,
3049 3657 3154 3696 non
3176 3642 3621 3699 cohabitationem
3644 3645 3889 3702 dicamus
3913 3664 3994 3704 so-

2401 3725 2546 3791 lum,
2593 3728 2686 3782 sed
2732 3729 2900 3798 ipsam
2939 3733 3243 3800 aperiamus
3272 3733 3475 3802 palam,
3529 3746 3585 3789 ut
3631 3740 3799 3808 magis
3848 3739 3990 3796 fmda

2399 3817 2661 3871 videatur.
2689 3819 2821 3873 Nam
2864 3824 3114 3890 quoniam
3158 3839 3264 3878 non
3298 3825 3486 3880 timent
3515 3829 3728 3882 oculum
3779 3833 3991 3902 soporis

2401 3912 2635 3964 nescium
2663 3951 2678 3978 ,
2728 3913 2818 3967 sed
2867 3915 3006 3968 oculi
3038 3915 3308 3970 hominum
3339 3919 3496 3972 timor
3544 3936 3729 3975 eorum
3761 3940 3774 3987 ;
3808 3939 3907 3994 age
3935 3935 3992 3979 et

2401 3999 2541 4068 ipsas
2572 4001 2669 4055 hac
2697 4005 3064 4060 consolatione
3097 4008 3366 4075 privemus
3386 4051 3399 4072 ,
3433 4027 3553 4080 qua:
3581 4015 3782 4066 occulta
3817 4025 3872 4069 et
3902 4025 3983 4070 te-

2399 4101 2483 4144 cta
2509 4093 2802 4159 parietibus
2833 4105 2957 4149 sunt
2983 4097 3032 4150 in
3063 4098 3644 4169 medium’ali'erentes;
3678 4107 3984 4173 aperiamus

2394 4179 2612 4247 januam
2643 4183 2704 4238 iis
2727 4185 2816 4254 qui
2839 4186 3018 4241 videre
3038 4204 3101 4243 ea
3125 4185 3336 4256 volunt,
3365 4207 3391 4244 a
3421 4193 3559 4248 lecto
3584 4196 3728 4265 ipsos
3757 4199 3985 4265 primunt

2399 4274 2694 4330 excitantes
2719 4294 2734 4341 ;
2779 4278 2886 4330 imo
2912 4280 2954 4331 si
2988 4280 3225 4347 videtur,
3251 4283 3479 4352 primum
3504 4287 3849 4354 exquiramus
3869 4305 3986 4358 qum

2398 4362 2541 4417 domi
2568 4368 2916 4437 contingunt,
2957 4379 3008 4423 et
3033 4386 3294 4440 ponamus
3324 4375 3618 4443 parietibus
3650 4377 3793 4446 ipsos
3823 4393 3984 4448 sepa-

2398 4457 2503 4509 rari
2549 4457 2684 4511 etin
2731 4460 2991 4514 cubiculis
3021 4463 3185 4517 variis
3214 4463 3468 4520 dormire.
3501 4459 3616 4521 Non
3663 4471 3806 4522 enim
3863 4481 3989 4540 puto

2398 4545 2627 4614 aliquem
2649 4589 2663 4611 ,
2691 4549 2790 4602 etsi
2815 4551 2965 4606 valde
2996 4552 3216 4607 fmditati
3241 4555 3308 4608 sit
3338 4558 3632 4621 obnoxius,
3659 4559 3726 4612 ita
3748 4561 3987 4628 seipsmo

2398 4638 2601 4692 traduci
2633 4641 2803 4706 velle,
2837 4651 2893 4696 ut
2933 4643 3120 4696 in-uno
3161 4645 3390 4699 dormiat
3429 4650 3696 4703 cubiculo.
3729 4651 3849 4705 Sint
3893 4653 3991 4723 igi-

2397 4737 2488 4781 tur
2531 4729 2779 4798 disjuucti
2829 4732 3121 4801 parietibus
3154 4752 3165 4786 :
3196 4743 3250 4788 et
3293 4736 3419 4804 quid
3473 4738 3573 4791 hoc
3627 4739 3818 4794 fuerit?
3867 4743 3987 4798 Non

2395 4822 2536 4875 enim
2567 4821 2762 4876 sufﬁcit
2788 4833 2842 4876 ut
2883 4839 2910 4876 a
2939 4825 3242 4893 suspicione
3270 4827 3582 4883 liberentur.
3611 4830 3810 4885 Verum
3847 4850 3989 4891 nunc

2395 4913 2462 4968 de
2478 4915 2783 4984 suspicione
2799 4915 2950 4980 nihil,
2976 4916 3095 4972 licet
3109 4918 3315 4973 ancilla:
3334 4920 3572 4988 plurima:
3589 4926 3634 4975 ei
3653 4923 3986 4992 cohabitent;

2397 5007 2553 5060 aliam
2600 5016 2776 5061 autem
2827 5009 3205 5078 turpitudinem
3236 5012 3345 5080 jam
3392 5013 3758 5082 exquiramus.
3793 5015 3992 5072 Evenit

2396 5101 2535 5154 enim
2561 5117 2681 5155 cum
2711 5117 2804 5170 per
2827 5095 2964 5157 idem
2995 5113 3204 5174 tempus
3231 5115 3488 5174 surgunt,
3523 5122 3628 5161 non
3649 5108 3720 5163 ob
3751 5111 3988 5181 pervigi-

2395 5193 2460 5246 lia
2491 5193 2647 5262 (nihil
2675 5194 2814 5248 enim
2845 5196 2986 5264 pium
3011 5197 3077 5250 ab
3106 5196 3186 5251 his
3214 5198 3490 5251 animabus
3536 5202 3989 5274 expectandum),

2396 5293 2452 5336 ut
2479 5293 2751 5338 transeant
2781 5285 2844 5338 ad
2895 5285 2953 5339 Se
3001 5287 3226 5341 invicem
3251 5287 3520 5355 jacentes,
3568 5299 3621 5344 et
3661 5293 3989 5360 compellent

2395 5383 2548 5428 nocte
2583 5391 2594 5427 :
2624 5389 2726 5442 quo
2755 5374 2878 5442 quid
2909 5390 3026 5429 esse
3056 5389 3212 5445 queat
3242 5377 3484 5448 turpius?
3508 5379 3661 5446 Quod
3684 5381 3728 5436 si
3769 5386 3987 5438 contin-

2392 5472 2477 5532 gat
2500 5472 2721 5532 repente
2746 5473 2799 5517 et
2843 5463 3237 5519 cohabitantem
3283 5467 3298 5498 ¹
3330 5477 3619 5537 :egrotare,
3655 5486 3831 5538 neque
3889 5488 3984 5541 pa-

2397 5555 2585 5608 rietum
2621 5555 2706 5608 hic
2734 5563 2920 5625 postea
2949 5557 3123 5625 aliqua
3167 5558 3363 5611 utilitas
3385 5600 3399 5623 ,
3433 5559 3523 5613 sed
3549 5576 3842 5632 exsurgens
3877 5580 3987 5630 pne

2393 5647 2511 5701 aliis
2538 5647 2603 5700 ad
2650 5647 2906 5717 virginem
2947 5648 3214 5719 jacentem
3259 5651 3587 5722 ingreditur,
3622 5648 3987 5711 inﬁrmitatem

2458 5753 2479 5786 ⁵
2500 5757 2572 5807 sic
2605 5755 2743 5807 savii.
2780 5764 2827 5806 In
2853 5758 3015 5807 Morel.
3034 5759 3139 5809 haec
3161 5773 3254 5810 vox
3281 5761 3442 5810 deest.
