4264 6312
746 335 854 394 529

740 454 1008 513 κοῦσανι,
1054 448 1172 501 ούδέ
1213 449 1405 519 τοίχων
1434 449 1665 502 ἐνταῦθα
1707 450 1895 518 ὄφελος
1938 449 2142 512 λοιπὸν,
2178 449 2313 502 ἀλλὰ

739 533 1029 595 διαναστὰς
1067 532 1172 602 πρὸ
1207 533 1314 585 τῶν
1343 533 1517 586 ἄλλων
1560 535 1937 605 ἐπεισέρχεται
1971 535 2197 605 κειμένῃ
2242 536 2309 603 τῇ

739 616 1015 689 παρθένῳ,
1060 617 1158 685 τὴν
1201 617 1515 688 ἀρρωστίαν
1558 617 1696 687 ἔχων
1737 616 2053 684 ἀπολογίαν,
2085 615 2311 670 καὶτῶν

738 698 1133 769 θεραπαινίδων
1200 697 1459 775 πολλάκις
1519 699 1874 770 ὀκνηρότερον
1935 698 2308 769 διακειμένων,

738 783 834 833 καὶ
869 780 1290 851 παρακάθηται,
1321 783 1415 834 καὶ
1458 781 1525 834 τὰ
1560 782 1695 836 ἀλλα
1727 781 2063 851 ἐπιμελεῖται
2084 822 2097 840 ,
2146 781 2181 834 ἃ
2215 798 2311 846 γυ-

737 865 929 926 ναῖκας
977 864 1135 932 μόνον
1175 862 1432 927 πολλάκις
1482 858 1639 934 θέμις
1682 865 1976 924 διακονεῖν,
2039 864 2133 916 καὶ
2187 862 2309 915 οὔτε

737 945 919 1015 ἐκείνη
956 945 1303 1016 αἰσχύνεται,
1349 945 1483 998 ἀλλά
1521 948 1614 1000 καὶ
1654 945 2153 1014 ἐγκαλλωπίζεται,
2185 945 2306 998 οὔτε

735 1024 887 1091 οὗτος
927 1027 1182 1098 ἐρυθριᾷ,
1215 1027 1351 1080 ἀλλὰ
1398 1030 1491 1080 καὶ
1530 1028 1705 1099 χαίρει
1758 1026 2039 1098 μειζόνως,
2084 1027 2176 1080 καὶ
2219 1042 2307 1080 το-

738 1110 912 1179 σούτῳ
967 1110 1206 1181 μᾶλλον,
1230 1110 1341 1181 ὅσῳ
1388 1111 1484 1179 τὴν
1521 1109 1762 1164 δουλείαν
1797 1110 2146 1181 αἰσχρότερον
2184 1113 2307 1164 Eme

734 1191 1035 1244 δείκνυται·
1069 1193 1163 1245 καὶ
1244 1179 1569 1263 ἀποστολικὴ
1602 1194 1757 1263 ῥῆσις
1786 1179 1966 1262 ἐκείνη
2008 1179 2308 1262 ή-λέγουσα

734 1275 838 1339 ὅτι,
879 1276 946 1328 Ἠ
971 1274 1118 1338 δόξα
1149 1275 1219 1327 ἐν
1244 1272 1319 1342 τῇ
1345 1275 1607 1343 αἰσχύνῃ
1641 1274 1857 1338 αὐτῶν,
1880 1274 1967 1327 διὰ
1995 1274 2100 1327 τῶν
2132 1276 2307 1345 ἔργων

733 1355 1008 1409 δείκνυται
1041 1357 1181 1410 τότε.
1216 1358 1384 1409 Ὅταν
1415 1355 1470 1408 δὲ
1510 1356 1599 1409 καὶ
1632 1358 1688 1410 αἰ
1722 1356 2092 1428 θεραπαινίδες
2128 1357 2306 1411 διανα-

736 1438 934 1503 στῶσι,
974 1437 1167 1509 χείρων
1210 1440 1243 1507 ἡ
1275 1438 1501 1511 αἰσχύνη
1526 1456 1538 1467 ·
1584 1440 1677 1493 καὶ
1728 1440 1832 1510 γὰρ
1869 1438 2307 1510 ἀκατακαλύπτῳ

732 1523 800 1590 τῇ
824 1520 1051 1590 κεφαλῇ,
1078 1522 1169 1573 καὶ
1196 1521 1568 1590 μονοχίτωνες,
1594 1523 1687 1575 καὶ
1703 1513 2073 1593 γυμναῖςταῖς
2096 1523 2304 1594 χερσὶν,

734 1603 830 1656 ἅτε
859 1602 1290 1675 τεθορυϐημένω
1330 1604 1423 1657 καὶ
1451 1606 1509 1659 ἐν
1540 1607 1695 1659 νυκτὶ
1722 1606 2128 1678 διανιστάμεναι
2149 1646 2162 1671 ,
2190 1606 2306 1661 δια-

730 1685 985 1756 τρέχουσι
1012 1686 1274 1756 παρόντος
1301 1687 1512 1740 ἐκείνου
1533 1729 1546 1747 .
1574 1689 1772 1759 μᾶλλον
1800 1689 1857 1741 δὲ
1883 1691 1939 1742 ἐν
1972 1690 2124 1761 μέσῳ
2151 1707 2307 1762 στρε-
2346 1702 2349 1703 ⁷

733 1770 969 1837 φομένου
1020 1770 1112 1820 καί
1160 1768 1587 1835 συνδιαθέοντος,
1641 1771 1855 1824 ἅπαντα
1907 1772 2303 1839 ἀναγκάζονται

734 1849 1008 1918 πληροῦνο
1040 1845 1101 1902 οὗ
1146 1850 1198 1903 τί
1238 1851 1446 1918 γένοιτο
1478 1851 1544 1905 ἃν
1571 1852 1958 1923 αἰσχρότερον;
1996 1856 2057 1907 Εἰ
2095 1854 2151 1908 δὲ
2208 1856 2303 1908 καὶ

737 1937 871 2002 μαῖα
892 1934 1271 2003 παραγένοιτο,
1298 1934 1406 1987 οὐδ’
1432 1934 1603 1999 οὓτως
1628 1937 2031 2007 ἐπαισχύνεται,
2052 1936 2189 1991 ἀλλά
2211 1940 2303 1992 καὶ

732 2014 910 2085 κορῶν
944 2015 1238 2087 ἀλλοτρίων
1273 2016 1541 2071 ἐπιουσῶν
1576 2018 1946 2090 ἐναϐρύνεται.
1983 2022 2075 2085 Εἰς
2107 2020 2165 2073 ἓν
2195 2021 2302 2093 γάρ

730 2100 833 2169 όρᾷ
889 2098 1082 2168 μόνον,
1133 2100 1281 2163 ὅπως
1328 2099 1651 2165 ἐπιδείξαιτο
1690 2104 1755 2172 τῇ
1806 2104 2164 2176 ἀρρωστούσῃ
2204 2104 2301 2175 τὴν

731 2182 928 2235 ἑαυτοῦ
959 2182 1259 2247 διακονίαν,
1292 2184 1391 2235 οὐκ
1421 2184 1574 2246 εἰδὼς
1606 2184 1687 2237 ὅτι
1719 2186 1827 2255 ὅσῳ
1854 2185 1919 2239 ἂν
1947 2186 2298 2258 ἐπιδείξηται,

730 2263 969 2332 τοσούτῳ
988 2264 1188 2333 μᾶλλον
1217 2266 1309 2318 καὶ
1336 2265 1506 2336 αὐτὴν
1529 2267 1774 2319 κάκεῖνον
1802 2269 2165 2339 καταισχύνει.
2192 2272 2301 2324 Καὶ

729 2345 784 2396 τί
816 2345 1124 2415 θαυμαστὸν
1156 2349 1202 2399 εἰ
1231 2348 1678 2419 παραγενομένην
1711 2350 1786 2421 μὴ
1812 2350 2072 2423 ἐρυθριᾷς
2106 2352 2301 2406 πολλά-

731 2445 818 2490 κις
843 2430 950 2498 γὰρ
977 2431 1069 2482 καὶ
1087 2431 1265 2500 μέσων
1287 2431 1496 2484 νυκτῶν
1522 2432 1620 2485 οὐκ
1645 2432 1883 2495 ὀκνοῦσι,
1906 2433 2301 2505 θεραπαινίδων

730 2511 1123 2582 εὐτελεστέρων
1159 2512 1318 2581 ἔργον
1359 2514 1655 2580 ποιοῦντες,
1694 2517 1778 2568 ἐπ’
1805 2516 1971 2587 αὐτὴν
2003 2517 2102 2589 τὴν
2137 2521 2300 2587 μαῖαν

728 2593 954 2664 δραμεῖν
972 2612 988 2625 ·
1018 2595 1144 2646 ὅταν
1172 2596 1227 2647 δὲ
1258 2597 1650 2666 παραγένηται,
1674 2597 1768 2651 νῦν
1793 2600 1891 2668 μὲν
1915 2601 2077 2652 αὐτὸν
2103 2601 2297 2654 ἐκϐάλ-

729 2675 879 2728 λουσι
923 2676 1014 2729 καὶ
1044 2675 1273 2741 ἄκοντα,
1319 2676 1420 2730 κᾶν
1474 2678 1592 2731 λίαν
1628 2680 1980 2750 ἀναίσχυντος
2007 2677 2076 2754 ᾖ,
2110 2683 2203 2735 νῦν
2244 2683 2300 2737 δὲ

729 2758 1113 2826 ἐπιτρέπουσιν
1139 2759 1165 2797 δ
1198 2758 1457 2812 εἰσελθεῖν
1488 2762 1581 2813 καὶ
1608 2764 1978 2830 παρακαθίσαι
2001 2780 2014 2792 ’
2046 2765 2220 2818 καίτοι
2249 2767 2301 2818 τί

728 2841 793 2893 ἀν
839 2858 942 2903 τις,
999 2841 1097 2893 κᾶν
1158 2842 1327 2911 μυρία
1378 2844 1706 2918 ἐπιτηδεύσῃ
1756 2846 1894 2899 ὥστε
1943 2848 2301 2918 καταισχῦναι

728 2924 926 2984 αὐτὸν,
983 2923 1222 2976 τοιοῦτον
1275 2926 1550 2994 ποιήσειεν
1594 2927 1692 2991 ἂν,
1746 2924 1855 2981 οἷον
1913 2931 2076 2993 αὐτὸς
2133 2948 2300 2984 κατα-

729 3007 981 3070 σκευάζει
1016 3005 1220 3074 ἐαυτῷ;
1263 3007 1429 3059 Ὅταν
1476 3008 1532 3059 δὲ
1566 3009 1749 3080 ἡμέρα
1780 3013 2022 3081 γένηται,
2066 3014 2159 3065 καὶ
2203 3015 2300 3085 τῆς

727 3088 888 3158 εὐνῆς
923 3088 1261 3157 ἀμφοτέρους
1307 3088 1685 3153 ἐξανίστασθαι
1718 3094 1810 3163 δέῃ
1834 3132 1847 3154 ,
1874 3093 2023 3165 [265]
2065 3095 2301 3164 φυλακαὶ⁸

728 3171 821 3221 καὶ
857 3171 1286 3239 παρατηρήσεις.
1322 3170 1461 3224 Οῦτε
1492 3172 1598 3243 γάρ
1639 3175 1917 3244 προελθεῖν
1952 3179 2033 3237 εἰς
2070 3178 2128 3228 τὸ
2172 3176 2301 3242 ἐξώ-

726 3268 881 3318 τερον
909 3251 1175 3320 δωμάτιον
1211 3252 1380 3315 ἀδεῶς
1412 3254 1550 3324 αὑτὴ
1580 3254 1779 3308 δύναιτ’
1811 3257 1875 3309 ἄν
1896 3275 1908 3287 ·
1952 3258 2212 3322 πολλάκις
2243 3259 2300 3311 δὲ

726 3330 1081 3402 προελθοῦσα,
1106 3333 1234 3395 ἴσως
1259 3335 1352 3386 καὶ
1374 3335 1564 3405 γυμνῷ
1587 3337 1661 3405 τῷ
1688 3336 1895 3407 σώματι
1922 3342 2300 3408 προσπεσοῦσα

725 3415 819 3467 τοῦ
844 3414 1032 3485 ἀνδρός
1050 3431 1062 3443 ·
1092 3416 1341 3478 κάκεῖνος
1370 3417 1498 3469 αὐτὸ
1522 3418 1676 3471 τοῦτο
1704 3420 2050 3491 ὑφορώμενος
2078 3422 2172 3475 νῦν
2201 3424 2300 3493 μὲν

728 3497 1094 3566 προαγγείλας
1126 3497 1367 3567 εἰσῆλθε,
1416 3498 1508 3551 νῦν
1542 3500 1598 3552 δὲ
1629 3502 1973 3570 ἀφυλάκτως,
2007 3506 2101 3559 καὶ
2134 3505 2299 3559 πολὺν

725 3578 944 3647 ὥφλησε
988 3579 1216 3646 γέλωτα·
1272 3581 1430 3634 πλέον
1463 3582 1571 3653 γάρ
1603 3585 1753 3637 οὐδὲν
1802 3589 1972 3640 εἰπεῖν
2020 3586 2293 3659 βούλομαι.

726 3660 908 3714 Ταῦτα
947 3661 1023 3723 δέ,
1062 3663 1109 3713 εἰ
1151 3664 1242 3713 καὶ
1294 3663 1487 3734 μικρά,
1527 3667 1795 3734 μεγάλους
1823 3668 2099 3738 ἄνθρακας
2136 3672 2298 3724 ἀσελ-

723 3743 876 3811 γείας
904 3743 1109 3797 τίκτειν
1137 3743 1313 3796 εἴωθε.
1346 3747 1452 3798 Καὶ
1486 3747 1655 3802 ταῦτα
1700 3752 1798 3819 μὲν
1840 3752 1933 3803 ἐπὶ
1967 3752 2064 3822 τῆς
2101 3754 2296 3818 οἰκίας,

723 3826 819 3878 καί⁵
866 3825 1089 3878 πλείονα
1128 3828 1367 3880 τούτων·
1410 3829 1538 3882 ὅταν
1575 3830 1631 3884 δὲ
1678 3827 2004 3904 εἱς-’ἀγοράν
2048 3835 2299 3905 ἐμϐαλὼν

724 3907 1004 3961 ἐπανιέναι
1036 3906 1236 3978 μέλλῃ,
1270 3909 1470 3978 μείζων
1503 3915 1535 3983 ἡ
1568 3914 2129 3988 ἀσχημοσύνηπάλιν.
2171 3920 2297 3973 ’Ἂτε

724 3990 834 4059 γάρ
867 3992 945 4052 εἰς
980 3989 1115 4043 ἰδίαν
1145 3989 1327 4044 εἰσιὼν
1358 3993 1553 4058 οἰκίαν,
1599 3997 1692 4048 καὶ
1724 3996 1822 4049 οὐκ
1860 3998 2300 4070 ἀναγκαζόμενος

723 4071 1123 4141 παραγγεῖλαι,
1157 4073 1620 4144 παρακαθημένας
1651 4076 1822 4148 εὑρὼν
1859 4084 2121 4146 γυναῖκας
2165 4099 2298 4136 κατ-

722 4152 951 4223 ῄσχυνεν
990 4152 1224 4224 ἐκείνην·
1257 4155 1350 4207 καὶ
1380 4156 1518 4226 αὑτὴ
1548 4157 1602 4210 δὲ
1647 4160 1702 4209 τὸ
1732 4160 1864 4213 αὐτὸ
1894 4160 2129 4216 πέπονθε
2170 4166 2299 4218 πολ-

723 4234 902 4298 λάκις.
927 4236 1036 4287 Καὶ
1064 4238 1324 4302 γυναῖκας
1356 4238 1451 4305 μὲν
1472 4240 1606 4310 γυνὴ
1635 4240 1887 4304 δέξασθαι
1912 4245 2133 4315 αἰσχρὸν
2161 4244 2297 4302 εἶναι

725 4317 995 4385 νενόμικε,
1019 4318 1114 4369 καὶ
1138 4318 1337 4388 ἄνδρας
1360 4322 1388 4372 ό
1409 4320 1567 4391 ἀνήρ·
1593 4322 1839 4391 ἀλλήλοις
1863 4325 1918 4376 δὲ
1951 4331 2213 4381 συνοικεῖν
2235 4330 2295 4382 ού

726 4397 1152 4466 παραιτοῦνται,
1201 4396 1621 4470 παραιτούμενοι
1670 4403 1910 4476 ἀλλήλων
1941 4408 2065 4472 τοὺς
2102 4410 2303 4479 ὁμοφύ-

724 4480 848 4542 λους
883 4479 1102 4544 ξενίσαι.
1141 4481 1206 4532 Τί
1239 4481 1427 4535 τούτου
1466 4487 1645 4555 χεῖρον
1676 4485 1871 4553 γένοιτ’
1905 4489 2006 4554 ἄν;
2049 4492 2202 4545 Ἔστι
2242 4494 2298 4546 δέ

723 4562 811 4614 ὅτε
841 4562 1003 4614 αὐτὸν
1045 4563 1139 4616 καὶ
1170 4565 1388 4630 γυναικί
1418 4562 1571 4636 εὖρον
1612 4570 2069 4641 παρακαθήμενον
2100 4591 2301 4643 μηρυο-

727 4644 862 4715 μένῃ
886 4687 897 4707 ,
934 4644 967 4713 ἦ
1002 4645 1096 4697 καὶ
1128 4645 1408 4716 ἠλακάτην
1442 4647 1658 4719 ἐχούσῃ.
1713 4649 1775 4702 Τί
1815 4653 1878 4706 ἀν
1907 4671 1989 4717 τις
2022 4654 2165 4708 εἴποι
2200 4660 2299 4719 τὰς

725 4724 909 4796 ὕϐρεις
926 4767 939 4790 ,
971 4726 1071 4809 τὰς
1103 4727 1280 4796 μάχας
1307 4728 1404 4791 τὰς
1431 4729 1837 4802 καθημερινάς;
1873 4733 1971 4787 κᾶν
1998 4736 2105 4805 γὰρ
2131 4738 2297 4809 πολλὴ

724 4810 761 4879 ἡ
790 4809 939 4876 φιλία
967 4806 1034 4882 ᾖ,
1076 4810 1169 4861 καὶ
1199 4810 1371 4863 ταῦτα
1403 4813 1721 4881 συμϐαίνειν
1759 4816 1922 4877 εἰκός.
1964 4821 2207 4874 Ἤκουσα
2242 4806 2299 4876 δέ

725 4891 901 4959 ἔγωγέ
940 4908 1123 4952 τινων,
1156 4894 1236 4945 ὅτι
1268 4895 1360 4945 καὶ
1391 4892 1720 4963 ζηλοτυπίας
1747 4898 2138 4969 ὑπομένουσιν·
2170 4904 2298 4959 ἔνθα

726 4974 833 5044 γάρ
872 4972 946 5044 μὴ
977 4969 1232 5057 ’ᾖα-ἀγάπη
1262 4980 1626 5047 πνευματικὴ,
1663 4981 1875 5052 ἀνάγκη
1911 4985 2185 5039 καὶτοῦτο
2226 4990 2299 5057 γε-

725 5057 931 5108 νεσθαι.
992 5054 1272 5109 Ἐντεῦθεν
1296 5058 1362 5110 τὰ
1390 5058 1655 5129 πτώματα
1686 5063 1752 5115 τὰ
1787 5066 1982 5135 συνεχῆ
2005 5107 2018 5131 ,
2052 5054 2299 5125 ἐντεῦθεν

726 5140 781 5190 αἱ
817 5137 1125 5207 διαφθοραὶ,
1162 5139 1407 5193 ἐντεῦθεν
1443 5142 1779 5216 ἀνελεύθεροι
1826 5148 1918 5199 καὶ
1960 5151 2298 5219 ἀναίσχυντοι

723 5220 964 5287 γίνονται
1000 5222 1056 5271 αἰ
1096 5222 1374 5293 παρθένοι,
1407 5224 1506 5277 κᾶν
1541 5226 1614 5297 μὴ
1645 5227 1980 5299 διαφθαρῶσι
2014 5232 2072 5284 τὸ
2113 5233 2297 5304 σῶμα,

726 5302 793 5387 τὸΔ
814 5298 943 5387 ᾗθος
971 5302 1433 5387 διαφθειρόμεναι.
1470 5308 1638 5360 ’Ὅταν
1672 5310 1779 5380 γὰρ
1822 5298 1960 5381 μετὰ
1991 5298 2300 5387 παρρησίας

728 5383 875 5455 μάθῃ
895 5384 1238 5452 διαλέγεσθαι
1277 5387 1449 5458 ἀνδρὶ,
1484 5390 1578 5442 καὶ
1604 5392 2030 5458 συγκαθέζεσθαι
2052 5383 2186 5457 ,⁷καί
2208 5402 2301 5455 ἀν-

724 5466 1021 5527 τιϐλέπειν,
1070 5469 1165 5520 καὶ
1212 5468 1374 5539 γελᾷν
1440 5472 1733 5542 παρόντος,
1785 5476 1877 5527 καὶ
1926 5476 2095 5532 πολλά
2140 5481 2301 5552 ἕτερα

726 5548 1056 5617 ἀσχημονεῖν
1077 5590 1090 5613 ,
1127 5550 1219 5602 καὶ
1255 5552 1418 5621 μηδὲν
1448 5554 1666 5622 ἡγεῖται
1710 5554 1866 5608 τοῦτο
1899 5554 2036 5612 εἶναι
2088 5548 2258 5615 δεινὸν
2286 5603 2300 5628 ,

726 5628 1027 5702 ἀναιρεῖται
1062 5632 1121 5684 τὸ
1163 5634 1560 5705 καταπέτασμα
1591 5636 1691 5706 τῆς
1734 5639 2048 5709 παρθενίας,
2081 5646 2171 5699 καὶ
2201 5663 2301 5701 παη

791 5829 821 5889 ἒ
842 5829 925 5879 Sic
947 5831 1095 5881 Savil.
1123 5834 1176 5879 ιιι
1200 5832 1373 5881 Morel.
1396 5832 1481 5889 τὴν
1504 5831 1817 5885 συνοικοῦσαν
1836 5836 1997 5888 deest.

790 5885 817 5932 δ
843 5890 991 5943 Βινὶι.
1020 5893 1240 5957 ἐπέτρεπε
1261 5901 1312 5944 el
1335 5885 1481 5956 συρτει
1503 5893 1705 5949 ἐξέϐαλε.

1491 337 1548 391 S.
1597 337 1883 395 JOANNIS
1924 336 2417 394 CHRYSOSTOMI
2450 334 2767 393 ARCHIEP.
2811 336 3354 399 CONSTANTINOP.

3903 341 4012 403 530

2420 452 2588 501 τεῖται
2608 449 2668 502 τὸ
2696 449 2874 513 ἄνθος.
2918 452 3195 508 Ἐντεῦθεν
3222 455 3370 507 οὐδὲν
3400 454 3648 509 ὀκνοῦσιν
3668 497 3684 521 ,
3710 457 3830 511 ούδέ
3860 478 4011 531 παρ-

2419 533 2689 585 αιτοῦνται
2710 575 2725 599 ,
2774 533 2908 586 ἀλλά
2946 536 3041 587 καὶ
3074 536 3324 606 πρόϐολοι
3368 539 3461 590 καὶ
3488 541 3888 610 προμνήστριαι
3920 545 4009 610 γί-

2419 632 2602 668 νονται
2632 615 2834 685 γάμου,
2871 617 2963 669 καὶ
2987 618 3229 686 γίνονται
3257 620 3491 691 κάπηλοι
3518 622 3861 692 πραγμάτων
3880 626 4007 678 ἐτέ-

2422 713 2561 766 ρων,
2602 697 2696 749 καὶ
2747 696 3080 767 βουλομένας
3138 696 3395 771 χηρεύειν
3448 701 3647 766 πολλὰς
3702 705 4003 773 κωλύουσι,

2418 779 2732 847 νομίζουσαι
2761 779 2869 831 τῶν
2897 781 3114 834 οἰκείων
3144 782 3333 836 κακῶν
3359 784 3654 851 ἀπολογίαν
3702 787 4005 858 εὑρηκέναι

2416 858 2618 931 ταύτην
2644 876 2657 888 ·
2708 861 2958 914 ἐντεῦθεν
2990 863 3459 935 εὐκαταφρόνητοι
3493 863 3660 919 πᾶσίν
3708 870 3880 933 εἰσιν,
3917 873 4004 923 ἐνςι

2416 941 2604 994 τεῦθεν
2635 943 2729 995 καὶ
2757 944 2917 997 αὑταὶ
2945 946 3000 996 αἰ
3032 946 3416 1016 γεγαμημέναι
3436 958 3458 985 ο
3502 948 3675 1011 αὑτάς
3704 950 3805 1003 οὐκ
3842 952 4005 1017 ἐπαι-

2418 1022 2719 1093 σχύνονται,
2746 1025 2839 1078 ἅτε
2863 1025 3086 1095 ἄμεινον
3115 1028 3293 1081 αὐτῶν
3326 1030 3659 1099 πράττουσαι
3694 1035 4000 1104 πανταχοῦ.

2416 1105 2603 1177 Πολλῷ
2648 1107 2757 1178 γὰρ
2810 1107 3015 1177 βέλτιον
3062 1110 3143 1162 ἐνὶ
3195 1112 3291 1163 καὶ
3335 1110 3573 1183 δευτέρῳ
3627 1113 4003 1170 συνάπτεσθαι

2415 1189 2598 1259 γάμῳ,
2634 1190 2666 1260 ἢ
2696 1190 2920 1243 τοιαῦτα
2965 1193 3328 1261 ἀσχημονεῖν,
3376 1193 3470 1246 καὶ
3508 1196 3851 1264 προαγωγῶν
3904 1201 4003 1251 καὶ

2419 1272 2746 1343 μαστροπῶν
2769 1272 3022 1326 ὑπόνοιαν
3048 1273 3345 1344 λαμϐάνειν
3376 1276 3529 1347 παρὰ
3557 1267 3745 1340 πᾶσιν,
3772 1279 3853 1331 ὅτι
3886 1280 4002 1335 τῶν

2415 1353 2587 1423 ἡδέων
2631 1354 2916 1408 ἀποστᾶσα
2961 1353 3054 1407 τοῦ
3096 1355 3278 1426 γάμου
3329 1360 3444 1421 τοῖς
3475 1362 3754 1429 φορτικοῖς
3794 1360 4001 1431 ἑαυτὴν

2415 1434 2706 1489 ὑποϐάλλει
2728 1434 2823 1489 τοῦ
2852 1436 3050 1506 γάμου.
3088 1434 3153 1488 Τί
3182 1437 3290 1509 γὰρ
3314 1438 3716 1511 φορτικώτερον
3754 1440 3786 1513 ἢ
3828 1441 4002 1513 ἄνδρα

2413 1517 2556 1586 ἔχειν
2596 1518 2688 1571 καὶ
2719 1517 2788 1572 τὰ
2833 1519 3043 1572 ἐκείνου
3085 1522 3390 1590 μεριμνᾷνς
3446 1520 3747 1592 Ἀπήλλαξέ
3797 1541 3856 1576 σε
3894 1525 4002 1594 τῆς

2413 1600 2706 1671 ἐπαχθείας
2735 1599 2988 1671 ταύτηςό
3027 1600 3181 1664 Θεός’
3213 1601 3295 1663 τὸ,
3328 1603 3479 1671 Πρός
3517 1603 3625 1657 τὸν
3658 1604 3847 1675 ἄνδρα
3875 1622 4001 1661 σου

2413 1681 2452 1749 ἡ
2480 1682 2833 1752 ἀποστροφή
2859 1700 2995 1749 σου,
3020 1684 3116 1737 καί
3141 1686 3324 1751 αὐτός
3344 1701 3461 1739 σου
3490 1689 3816 1754 κυριεύσει,
3843 1689 4002 1741 λέλυ-

2410 1766 2499 1817 ταί
2538 1782 2619 1817 σοι
2656 1765 2744 1818 διὰ
2779 1765 2882 1835 τῆς
2926 1766 3225 1835 παρθενίας
3244 1784 3257 1796 ·
3289 1766 3344 1820 τί
3372 1767 3535 1822 πάλιν
3562 1770 3865 1824 ἐπισπᾶσαι
3893 1773 4001 1841 τὴν

2410 1847 2687 1912 δουλείαν;
2746 1848 3063 1919 Ἐλευθέραν
3090 1862 3149 1902 σε
3193 1849 3449 1920 ἐποίησεν
3481 1852 3510 1903 ό
3534 1850 3791 1924 Χριστὸς,
3825 1854 3893 1906 σὺ
3940 1854 4002 1908 δὲ

2414 1933 2581 2000 σαυτῇ
2612 1932 2838 2002 ῥάπτεις
2876 1932 3199 2002 πράγματα’
3231 1932 3533 2004 ἀμέριμνόν
3561 1951 3621 1989 σε
3650 1935 3893 2007 ἐποίησε,
3932 1937 4000 1990 σὺ

2410 2012 2466 2065 δὲ
2495 2013 2728 2076 ἐπινοεῖς
2753 2010 3064 2083 φροντίδας.

2482 2094 2545 2148 θ’.
2577 2094 2735 2149 Ἀλλὰ
2764 2096 2868 2165 γὰρ
2892 2094 3079 2166 ἐπειδὴ
3102 2097 3372 2168 μερίμνης
3387 2097 3787 2168 ἐμνημόνευσα,
3808 2098 4006 2153 εὐκαίο

2413 2194 2521 2248 ρως
2592 2194 2657 2247 με
2712 2176 2886 2230 ταῦτα
2949 2175 3180 2247 λέγοντα
3245 2178 3463 2249 εἰσῆλθε
3519 2179 3581 2233 τὺ
3636 2180 4001 2233 ἀποστολικὸν

2410 2262 2586 2313 ἐκεῖνο
2626 2259 2800 2330 ῥῆμα.
2849 2259 2912 2311 Εἰ
2937 2260 3043 2331 γὰρ
3070 2260 3130 2312 τὸ
3159 2261 3677 2333 συνοικεῐνιάνδράσι
3701 2267 4000 2329 γυναῖκας,

2409 2343 2504 2395 καὶ
2545 2341 2788 2409 γυναιξὶν
2831 2341 3064 2411 ἄνδρας,
3099 2340 3257 2395 τοῦτο
3294 2342 3628 2413 ὑπετέμνετο
3680 2346 3999 2414 φροντίδας,

2409 2426 2507 2477 οὐκ
2550 2425 2615 2477 ἂν
2659 2425 2751 2477 ἐπὶ
2791 2423 3113 2495 ἐγκράτειαν
3164 2423 3495 2494 παρακαλῶν
3531 2427 3560 2478 ό
3594 2427 3805 2489 Παῦλος
3845 2424 4001 2493 εἷπε,

2411 2506 2574 2561 Θέλω
2594 2507 2662 2559 δὲ
2682 2504 2836 2576 ὑμᾶς
2859 2508 3220 2576 ἀμερίμνους
3239 2504 3392 2562 εἶναι
3410 2547 3424 2571 ,
3445 2507 3521 2571 ὡς
3545 2511 3637 2562 καὶ
3658 2510 3831 2583 ταύτῃ
3858 2528 4007 2582 προ-

2410 2589 2623 2659 τρέπων
2666 2590 2833 2658 ἡμᾶς.
2874 2590 2939 2640 Τί
2972 2589 3081 2661 γὰρ
3112 2588 3400 2659 βούλεσθες
3444 2592 3629 2661 φησίν⁹
3661 2593 4000 2657 ἀνάπαυσιν,

2409 2672 2502 2725 καὶ
2533 2671 2874 2741 ἐλευθερίαν;
2920 2664 3057 2726 Εἶτα
3100 2673 3197 2736 οὐχ
3226 2672 3389 2742 ὁρᾶτε
3421 2673 3482 2725 τὸ
3510 2674 3752 2727 ἐναντίον
3798 2674 4002 2728 ἐκϐαῖ-

2400 2771 2498 2805 -νον
2521 2749 2570 2815 δ,
2603 2752 2850 2806 δουλείαν
2875 2752 2966 2805 καὶ
2994 2751 3226 2824 μόχθους
3251 2754 3346 2807 καὶ
3382 2754 3755 2827 ταλαιπωρίας
3788 2756 4001 2820 πολλὰς

2411 2835 2562 2907 [21561
2588 2836 2695 2888 ἀπὸ
2720 2835 2815 2889 τοῦ
2845 2839 3114 2889 συνοικεῖν
3142 2837 3391 2908 ἀνδράσι;
3411 2838 3609 2893 ιιολλαί
3630 2840 3759 2908 γοῦν
3787 2841 4001 2894 πολλά⁶

2411 2936 2494 2982 κις
2524 2919 2897 2972 ἀποϐαλοῦσαι
2919 2919 3047 2982 τοὺς
3068 2919 3266 2990 ἄνδρας
3292 2920 3380 2974 διὰ
3404 2921 3562 2974 τοῦτο
3592 2922 3691 2975 οὐκ
3714 2923 4003 2993 ἐγήμαντο

2409 3001 2591 3065 πάλιν,
2628 3002 2715 3055 ἴνα
2745 3002 2819 3073 μὴ
2855 3001 2963 3054 ὑπὸ
2990 3000 3154 3069 ζυγὸν
3176 3001 3421 3066 δουλείας
3447 3003 3607 3058 πάλιν
3627 2997 3778 3059 ὧέιν.
3813 3006 4000 3070 Ὀλως

2407 3082 2465 3135 δέ
2501 3084 2549 3134 εἰ
2595 3084 2755 3153 πενία
2801 3082 2991 3153 συζῇς,
3040 3084 3137 3136 καλ⁸
3178 3084 3513 3155 πανταχόθεν
3552 3087 3999 3157 ἀπροστάτευτος

2408 3161 2479 3227 εἶ,
2512 3164 2712 3235 ἀρετὴν
2744 3164 3007 3228 ἐπίδειξαι
3039 3165 3175 3235 βίου,
3208 3167 3303 3219 καὶ
3329 3167 3465 3236 πρὸς
3496 3166 3665 3238 ἀνδρα
3692 3169 3790 3237 μὲν
3820 3170 4001 3239 μηδὲν

2409 3246 2499 3317 ἔχε
2523 3248 2719 3310 κοινὸν,
2747 3248 3011 3317 ἀνάμιξον
3048 3249 3104 3301 δέ
3134 3250 3340 3320 σαυτὴν
3371 3250 3615 3317 γυναιξὶν
3638 3252 4003 3321 εὐσχημόνως

2410 3328 2781 3399 βεϐιωκυίαις,
2816 3331 2908 3382 καί
2942 3329 3062 3383 οὔτε
3097 3331 3320 3393 ἀπολεῖς
3352 3348 3445 3384 σου
3472 3331 3563 3383 τὸν
3589 3333 3869 3401 στέφανον,
3895 3338 4001 3388 καὶ

2409 3410 2595 3474 ἀδείας
2632 3411 2966 3474 ἀπολαύσεις
3001 3414 3202 3482 πάσης.
3249 3413 3311 3464 Εἰ
3354 3413 3411 3466 δέ
3449 3413 3806 3484 δυσπόριστον
3850 3412 3999 3469 εἶναι

2408 3492 2565 3545 τοῦτο
2600 3492 2861 3562 νομίζεις,
2896 3493 3131 3562 ζήτησον
3164 3495 3491 3558 σπουδαίως,
3514 3497 3607 3548 καὶ
3644 3496 3858 3560 πάντως
3900 3499 4001 3554 εὐ·

2414 3576 2633 3646 ρήσειςο
2678 3574 2879 3645 μᾶλλον
2898 3575 2955 3628 δὲ
2986 3575 3105 3628 οὐδὲ
3150 3575 3335 3646 ζητεῖν
3365 3577 3601 3648 ἀνάγκη.
3633 3578 3843 3650 Ὠσπερ
3878 3578 3999 3653 γάρ

2408 3656 2486 3727 τῷ
2513 3658 2652 3725 φωτὶ
2678 3659 3089 3728 προστρέχομεν
3119 3658 3380 3725 ἀπαντες,
3423 3658 3599 3723 οὓτως
3619 3661 3713 3713 ἐάν
3737 3660 3999 3731 λάμιινωσί

2410 3755 2503 3791 σου
2533 3739 2629 3809 τῆς
2660 3739 2905 3793 πολιτεία
2916 3759 2934 3801 ,:
2967 3741 3025 3793 αἰ
3052 3741 3292 3805 ἀκτῖνες,
3330 3742 3505 3795 πᾶσαι
3539 3742 3995 3813 ἐπιδραμοῦνται,

2407 3822 2700 3890 ἀγαπῶσαι
2727 3824 2929 3893 ἑκάστη
2952 3822 3202 3878 διακόνου
3233 3841 3314 3878 σοι
3336 3825 3489 3890 τάξιν
3520 3827 3757 3897 ἐπέχειν,
3783 3828 4000 3900 καὶτῆς

2412 3904 2545 3968 ἰδίας
2581 3906 2759 3968 οἰκίας
2802 3907 3109 3975 ἀσφάλειάν
3144 3924 3203 3959 σε
3244 3908 3510 3979 ἡγήσεται
3545 3906 3709 3976 εἶναι,
3757 3914 3849 3964 καὶ
3901 3913 4003 3967 κόο

2411 4002 2545 4055 σμον
2576 3987 2668 4039 τοῦ
2706 3986 2822 4058 βίου
2840 4026 2855 4051 ,
2899 3989 2993 4041 καὶ
3018 3989 3282 4059 στέφανον
3306 3989 3405 4060 τῆς
3430 3990 3577 4059 ζωῆς
3611 3992 3750 4046 κατά
3776 3994 3865 4045 τὸν
3890 3996 4007 4049 τοῦ

2409 4068 2645 4138 Χριστοῦ
2701 4070 2875 4138 λόγον.
2902 4072 3143 4140 Ζητεῖτε
3161 4071 3292 4142 γὰρ,
3324 4073 3478 4144 φησί,
3514 4072 3631 4141 τὴν
3663 4075 4000 4139 βασιλείαν

2408 4147 2514 4203 τοῦ
2546 4151 2714 4215 Θεοῦ,
2744 4152 2838 4206 καί
2870 4154 3055 4207 ταῦτα
3091 4154 3289 4209 πάντα
3320 4156 3796 4225 προστεθήσεται
3820 4158 3994 4225 ὑμῖν.

2407 4232 2545 4285 Νυνὶ
2568 4232 2624 4285 δὲ
2648 4234 2742 4287 καὶ
2767 4230 2860 4287 τοῦ
2887 4235 2996 4289 τῶν
3018 4236 3289 4307 βιωτικῶν
3313 4237 3601 4291 ἐκπίπτειν
3621 4241 3782 4309 ἡμεῖς
3801 4240 3995 4307 αἴτιοι,

2403 4315 2515 4369 τῶν
2541 4317 2810 4389 οὐρανίων
2834 4320 3163 4389 ἀμελοῦντες
3181 4324 3549 4394 πραγμάτων.
3583 4324 3762 4396 Ἦμᾶς
3776 4325 3830 4377 δὲ
3860 4327 3997 4379 ὅταν

2407 4399 2569 4463 εἴπω,
2619 4399 2720 4452 οὐκ
2763 4402 2963 4472 ἄνδρας
2997 4402 3144 4471 λέγω
3180 4405 3360 4474 μόνον,
3408 4407 3544 4461 ἀλλὰ
3586 4409 3679 4462 καὶ
3705 4410 3867 4480 ὑμᾶς,
3895 4414 3998 4466 καὶ

2409 4481 2552 4566 υμᾶς
2593 4480 2856 4566 μᾶλλονῆ
2898 4484 3118 4555 ἄνδρας.
3174 4487 3329 4541 Ἐπεὶ
3356 4490 3451 4544 καὶ
3490 4491 3645 4563 παρὰ
3681 4493 3779 4563 τὴν
3813 4495 3995 4566 ἀρχὴν

2405 4563 2494 4650 διὰ
2525 4563 3121 4650 τοῦτολχαλεπωτέραν
3177 4570 3392 4635 ἐδέξατο
3440 4574 3712 4646 τιμωρίαν
3749 4577 3781 4646 ἡ
3825 4563 3991 4650 γυνῆ,

2410 4645 2594 4716 ἐπειδὴ
2635 4648 2728 4700 καὶ
2759 4648 2818 4700 τὸ
2851 4649 3011 4704 πλέον
3039 4652 3142 4721 τῆς
3181 4654 3396 4725 ἀπάτης
3424 4645 3739 4727 εἰσήνεγκεο
3773 4645 3853 4712 διὸ
3892 4645 3996 4715 καὶ

2405 4727 2503 4797 τὴν
2534 4730 2897 4800 ἀπατήσασαν
2914 4733 3009 4784 τοῦ
3038 4735 3413 4807 ἀπατηθέντος
3451 4740 3651 4809 μᾶλλον
3679 4741 3935 4795 ἐκόλασεν
3964 4746 3997 4797 ό

2407 4810 2539 4895 Θεός
2559 4826 2570 4839 ·
2607 4812 2635 4863 ὃ
2675 4812 2771 4895 καὶ
2808 4814 2903 4895 νῦν
2936 4814 3112 4881 ἐσται,
3142 4817 3207 4870 ἂν
3236 4820 3309 4890 μὴ
3357 4821 3656 4894 βουληθῆτε
3689 4823 3994 4895 διορθώσα-

2409 4890 2571 4957 σθαι,
2612 4894 2871 4963 καὶπρὸς
2935 4896 3033 4967 τῆν
3077 4900 3284 4954 οἰκείαν
3323 4890 3640 4958 ἐπανελθεῖν
3684 4890 3992 4974 εὐγένειαν,

2407 4975 2532 5059 Διά
2554 4977 2663 5059 γάρ
2694 4994 2780 5046 τοι
2813 4978 2972 5031 τοῦτο
2989 4980 3081 5032 καί
3113 4983 3145 5053 ὴ
3169 4985 3305 5055 γυνὴ
3333 4987 3455 5038 τότε
3477 4987 3873 5059 ἐγκαλουμένη,
3905 4991 3994 5044 δτι

2406 5055 2483 5125 τῷ
2511 5057 2662 5129 ἀνδρὶ
2708 5059 2908 5113 ἔδωκεν
2941 5063 3005 5114 ἐκ
3039 5063 3130 5116 τοῦ
3171 5067 3407 5135 καρποῦ,
3441 5071 3540 5122 οὐκ
3582 5055 3881 5141 ἐτόλμησεν
3911 5077 3996 5127 εί-

2408 5142 2552 5228 πεῖχ,
2586 5141 2669 5228 δτι
2698 5144 2863 5228 ἐχρῆν
2897 5146 2994 5214 μὲν
3026 5147 3189 5200 αύτδν
3214 5149 3382 5220 ἄνδρα
3404 5152 3533 5206 ὄντα
3567 5155 3641 5228 μὴ
3671 5158 3992 5227 πεισθῆναι.

2412 5222 2547 5293 μηδὲ
2589 5224 2961 5296 ἀπατηθῆναι,
2993 5228 3130 5282 ἀλλὰ
3160 5231 3361 5303 ταύτην
3406 5235 3501 5304 μὲν
3531 5222 3606 5299 ὥς
3628 5222 3783 5293 οὐδὲν
3820 5222 3998 5298 οῦσαν

2409 5305 2701 5395 ἀπολογίαν
2722 5307 3113 5395 ἐσίγησεν,λέφ’
3140 5313 3334 5385 ἑτέραν
3354 5315 3409 5369 δὲ
3438 5312 3622 5387 ἦλθεν,
3660 5322 3858 5394 ἀσθενῆ
3888 5324 3995 5395 μὲν

2410 5387 2505 5475 καὶ
2552 5388 2745 5475 αύτῂν,
2783 5391 3085 5475 πλῂνᾲάλλξ
3134 5395 3284 5464 ὅμως
3339 5399 3489 5470 παρά
3535 5402 3738 5471 ταύτην
3785 5387 3997 5475 μάλλον

2410 5466 2643 5561 ἔχουσαν
2654 5469 2844 5561 ἑλόγον.
2872 5473 3043 5561 Ὅθεν
3060 5474 3240 5561 δῆλον,
3267 5480 3348 5532 ὅτι
3390 5466 3589 5551 μᾶλλον
3620 5466 3731 5549 τοῖς
3772 5466 3997 5561 ἧπατηι-

2412 5551 2595 5621 μένοις
2620 5553 2796 5619 ἔξεστι
2820 5555 3218 5639 προϐάλλεσθαι
3252 5564 3379 5626 τοὺς
3412 5565 3753 5633 ἀπατεῶνας,
3848 5551 4000 5625 ἐκεί-

2410 5648 2522 5697 νοις
2548 5635 2673 5698 τοὺς
2695 5637 3105 5708 ἠπατημένους.
3141 5641 3205 5695 'll
3225 5643 3395 5717 πόρνη
3412 5647 3568 5702 καλεῖ
3593 5650 3685 5704 τὸν
3702 5635 4001 5724 ὑϐρίζοντα

2472 5789 3094 5876 Ϊέῖῗῖἶλέλῗέῗίιηθέῖαι
3116 5800 3279 5857 αὑταῖς
3297 5800 3673 5876 ἐπαισχύνονται.
3687 5819 3717 5858 ε
3734 5822 3834 5872 quo
3853 5830 4005 5876 τιτιρ

2417 5866 2934 5922 μημεναιχοςρριψυε,
2958 5871 3052 5922 p_ro
3078 5866 3409 5922 γεγαμηκυῐαι.
3432 5866 3571 5917 Eutr.

2531 5913 2679 5967 δειγίι.
2704 5913 2935 5980 ἐκεαῖνον,
2957 5913 3127 5971 Morel.
3144 5913 3390 5985 ἐμϐαίνω.
