4264 6312
272 345 376 402 5‘39

273 464 602 525 praitexens,
630 462 683 508 et
711 450 916 506 ancillis
957 462 1099 517 stupe
1125 445 1325 502 tardius
1355 444 1553 515 paratis
1575 482 1590 507 ,
1617 452 1673 497 et
1712 440 1843 495 assi-

269 550 362 601 det
386 557 439 601 et
464 545 568 600 alia
588 551 736 599 curat
765 555 882 612 quae
909 539 1182 594 mulierem
1208 535 1526 606 quandoque
1568 532 1734 588 solam
1760 533 1845 585 vix

276 635 581 691 ministrare
617 634 694 689 fas
718 642 838 697 est;
869 646 1043 698 neque,
1070 629 1230 698 pudet
1276 628 1451 691 illam,
1483 624 1577 680 sed
1618 623 1843 693 gloriam

272 734 460 796 putat,
510 738 681 793 neque
711 723 824 792 ipse
852 721 1152 783 erubescit,
1181 717 1276 773 sed
1325 716 1492 784 magis
1519 714 1746 784 gaudet,
1790 720 1844 765 et

250 824 424 870 .tanlo
447 815 612 884 magis
632 822 830 882 quanto
857 809 1133 865 foediorem
1163 808 1470 861 servitutem
1497 819 1605 873 prae
1634 818 1693 858 se
1719 802 1840 856 fert.

277 905 636 975 Apostolicum
668 901 797 956 illud
829 902 1046 955 verbum
1078 897 1217 968 quod
1245 897 1402 958 dicit,
1441 895 1614 950 Gloria
1639 895 1690 947 in
1717 910 1837 946 con-

276 995 474 1063 fusione
497 994 719 1062 ipsorum
749 990 1007 1062 (Philipp.
1039 990 1092 1043 5.
1142 988 1263 1058 l9),
1299 997 1421 1042 tunc
1448 1001 1507 1040 re
1548 985 1663 1054 ipsa
1692 998 1844 1037 mon-

276 1094 492 1139 stratur.
542 1082 640 1139 Ubi
692 1090 867 1137 autem
916 1090 970 1134 et
1009 1079 1212 1133 ancillae
1261 1075 1625 1137 surrexerint,
1672 1074 1845 1142 major

277 1173 572 1243 turpitudo;
624 1172 745 1227 nam
774 1181 828 1228 et
855 1180 1038 1240 aperto
1065 1169 1265 1237 capite,
1313 1176 1367 1221 et
1393 1181 1495 1220 una
1536 1164 1745 1229 tunica,
1791 1172 1846 1217 et

277 1266 432 1320 nudis
458 1263 702 1319 manibus
731 1272 913 1331 utpote
936 1261 1191 1326 turbatae,
1223 1268 1276 1312 ct
1304 1259 1354 1311 in
1385 1265 1541 1311 nocte
1565 1253 1843 1325 surgentes

275 1356 577 1410 discurrunt
606 1354 696 1407 illo
736 1361 1029 1421 prasente,
1080 1350 1185 1403 imo
1216 1351 1270 1401 in
1316 1346 1491 1401 medio
1521 1353 1765 1399 versante
1790 1351 1844 1396 ct

275 1445 431 1498 simul
473 1453 751 1507 currente,
781 1441 957 1495 omnia
986 1445 1245 1509 coguntur
1273 1436 1498 1505 implere
1528 1451 1540 1486 :
1569 1448 1675 1503 quo
1718 1431 1841 1501 quid

282 1534 393 1587 licri
429 1533 595 1602 possit
620 1531 850 1586 foedius?
874 1529 1023 1597 Quod
1046 1530 1088 1583 si
1114 1535 1169 1582 et
1191 1526 1446 1582 obstetrix
1475 1524 1648 1588 adsit,
1674 1538 1842 1591 neque

274 1625 352 1677 sic
382 1621 578 1691 pudefit
599 1663 615 1688 ,
646 1620 741 1675 sed
766 1629 821 1674 et
847 1617 1283 1685 aliis‘virginibus
1304 1612 1721 1684 ingredientibus
1742 1610 1843 1664 hoc

275 1711 373 1767 sibi
400 1712 690 1781 gloriosum
718 1711 1005 1764 existimat.
1041 1708 1212 1775 Unum
1242 1708 1383 1761 enim
1411 1704 1582 1758 solum
1614 1712 1838 1772 spectat,

275 1800 541 1872 quomodo
562 1808 822 1854 monstret
837 1800 1109 1868 mgrotanti
1126 1813 1279 1853 suum
1304 1795 1675 1859 ministerium,
1693 1795 1842 1862 igno-

275 1907 400 1947 rans
436 1891 575 1961 quod
614 1906 719 1961 quo
742 1892 908 1960 magis
937 1890 1199 1954 ostendit,
1230 1903 1295 1943 eo
1322 1888 1487 1957 magis
1513 1899 1567 1940 et
1608 1887 1842 1952 seipsum

277 1995 330 2038 ct
374 1985 515 2038 illam
546 1982 879 2038 dehonestat.
912 1981 977 2034 Et
1000 1980 1124 2050 quid
1171 1980 1399 2044 mirum,
1445 1977 1491 2031 si
1529 1983 1842 2047 praes-eriterit

275 2091 380 2130 non
405 2073 719 2129 erubescat?
742 2073 894 2143 Saepe
917 2073 1060 2128 enim
1081 2070 1266 2126 mediis
1288 2070 1531 2124 noctibus
1553 2068 1730 2121 vilium
1752 2081 1845 2119 an-

273 2166 513 2218 cillarum
540 2177 673 2234 Opus
697 2162 930 2218 facturus
954 2163 1020 2217 ad
1063 2163 1229 2231 ipsam
1271 2160 1604 2214 obstetricem
1630 2172 1844 2212 currere

277 2273 383 2311 non
404 2266 671 2326 gravatur.
700 2253 920 2322 Quando
944 2264 1119 2308 autem
1145 2252 1321 2316 adest,
1354 2266 1494 2305 nunc
1515 2248 1726 2320 quidem
1766 2249 1847 2318 ip-

276 2362 392 2401 sum
430 2346 652 2415 ejiciunt
680 2345 762 2400 vel
792 2346 1013 2398 invitum
1039 2383 1054 2409 ,
1101 2343 1225 2398 licet
1248 2341 1397 2396 valde
1426 2340 1708 2409 impudens
1736 2340 1841 2403 sit;

278 2451 419 2504 nunc
442 2445 617 2489 autem
649 2434 960 2504 permittunt
978 2474 992 2497 ,
1035 2442 1090 2487 ut
1117 2434 1304 2487 iterum
1334 2432 1662 2502 ingrediatur
1685 2438 1740 2484 et
1762 2445 1843 2484 as-

277 2527 447 2580 sideat
475 2544 488 2577 2
520 2526 758 2596 quamvis
785 2526 1035 2594 quidnam
1078 2526 1254 2579 facere
1286 2524 1547 2594 quispiam
1579 2522 1744 2591 possit
1772 2520 1838 2575 ad

278 2617 429 2670 illum
453 2615 654 2686 pudore
673 2615 1007 2668 afficiendum
1025 2656 1038 2678 ,
1070 2614 1279 2669 etiamsi
1310 2613 1471 2667 millia
1497 2620 1719 2666 conetur
1738 2651 1754 2677 ,
1781 2612 1847 2665 iis

280 2706 454 2760 simile
481 2720 597 2774 qua:
626 2704 740 2774 ipse
763 2706 862 2764 sibi
885 2704 1054 2758 facit?
1085 2703 1185 2759 Ubi
1209 2714 1387 2758 autem
1414 2703 1529 2757 dies
1555 2701 1723 2756 illuxit
1747 2741 1761 2765 ,
1793 2710 1846 2755 ct

281 2810 531 2868 utrosque
556 2813 586 2851 e
613 2798 749 2851 lecto
790 2811 1004 2865 surgere
1033 2803 1239 2865 oportet
1260 2837 1275 2860 ,
1307 2794 1558 2849 custodia?
1584 2804 1636 2848 et
1664 2791 1857 2848 obscr-'

279 2889 513 2947 vationes
539 2896 661 2940 sunt
689 2904 702 2940 :
731 2901 901 2956 neque
928 2888 1069 2941 enim
1100 2886 1168 2940 ad
1211 2885 1526 2940 exteriorem
1553 2884 1846 2938 domuncu-

280 2978 384 3032 lam
432 2976 671 3046 progredi
716 2977 829 3030 sine
868 2976 1057 3030 timore
1086 2976 1255 3046 possit
1288 2993 1300 3028 :
1332 2990 1473 3042 smpe
1516 2983 1688 3027 autem
1718 2989 1845 3042 pro-

277 3081 457 3136 gressa
480 3108 494 3132 ,
522 3066 745 3121 fortasse
772 3074 825 3120 et
849 3065 901 3119 in
931 3065 1099 3119 virum
1127 3066 1322 3118 nudum
1369 3063 1570 3119 incidit.
1602 3062 1696 3118 llle
1720 3079 1845 3118 vero

280 3160 383 3215 hoc
420 3158 590 3226 ipsum
634 3157 945 3225 suspicans,
987 3155 1146 3209 modo
1180 3154 1231 3208 id
1260 3169 1481 3208 monens
1520 3154 1841 3222 ingreditur,

281 3250 438 3304 modo
466 3250 708 3303 incautus
732 3246 1143 3317 deprehenditur
1163 3285 1180 3311 ,
1209 3261 1271 3300 ac
1299 3232 1468 3299 multo
1509 3249 1618 3300 risu
1655 3244 1844 3314 dignus

279 3347 399 3403 est;
438 3338 569 3392 nihil
615 3338 754 3392 enim
800 3337 1023 3408 amplius
1079 3337 1257 3390 dicere
1309 3335 1448 3389 volo.
1497 3334 1620 3389 lltec
1667 3345 1843 3388 autem

280 3428 517 3497 quamvis
545 3441 703 3497 parva
727 3467 743 3492 ,
772 3435 945 3481 tamen
970 3441 1172 3495 magna:
1203 3424 1434 3478 libidinis
1457 3422 1715 3478 carbones
1755 3438 1845 3477 ac—

279 3517 508 3572 cendere
534 3524 940 3571 consueverunt.
972 3514 1040 3569 Et
1064 3515 1179 3569 haec
1203 3513 1417 3583 quidem
1443 3512 1586 3567 domi
1613 3553 1627 3577 ,
1659 3523 1712 3568 et
1730 3528 1844 3568 ma-
1875 3554 1879 3561 .

279 3609 390 3676 jura
419 3607 502 3661 bis
531 3626 546 3662 :
573 3607 783 3676 quando
799 3615 978 3660 autem
1000 3607 1051 3659 in
1080 3604 1349 3675 publicum
1379 3604 1530 3659 iverit
1555 3603 1841 3669 rediturus,

280 3700 471 3753 iterum
498 3698 668 3766 major
694 3695 980 3766 turpitudo.
1015 3694 1071 3749 In
1101 3695 1316 3749 domum
1351 3708 1500 3747 suam
1535 3695 1801 3762 ingressus
1825 3734 1840 3759 ,

279 3798 331 3841 et
358 3787 482 3841 dum
533 3802 637 3840 non
677 3788 882 3856 cogitur
925 3786 1309 3854 prmnuntiare,
1341 3781 1570 3836 inventis
1607 3783 1842 3836 mulieri-

281 3877 378 3932 bus
402 3877 756 3931 assidentibus
782 3876 922 3929 illam
948 3874 1241 3943 pudefacit,
1274 3884 1328 3928 et
1353 3873 1463 3941 ipsa
1490 3887 1631 3941 saepe
1655 3873 1723 3925 ita
1764 3871 1844 3925 af-

280 3970 456 4023 licitur
474 4007 490 4033 ,
524 3977 779 4037 turpisque
807 3975 986 4021 censet
1021 3966 1065 4018 si
1093 3965 1282 4018 mulier
1309 3964 1560 4017 mulieres
1587 3963 1843 4030 excipiat,

280 4069 332 4114 et
358 4060 445 4113 ille
471 4059 517 4113 si
540 4059 621 4111 vir
639 4058 779 4111 viros
811 4074 824 4109 :
858 4065 1094 4110 mutuum
1118 4065 1293 4109 autem
1318 4054 1718 4108 contubernium
1741 4070 1845 4108 non

281 4156 555 4211 recusant,
586 4155 772 4201 cavent
792 4154 966 4199 autem
1013 4159 1080 4199 ne
1119 4159 1242 4197 suos
1271 4142 1594 4198 contribules
1621 4142 1847 4210 hospitio

281 4236 545 4306 excipiant
573 4252 586 4287 :
614 4250 720 4303 quo
765 4233 888 4302 quid
913 4233 1148 4287 deterius
1172 4231 1298 4286 fieri
1314 4231 1513 4300 possit?
1538 4231 1742 4284 Accidit
1768 4231 1846 4283 in-

282 4324 507 4389 tertium,
526 4332 580 4376 ut
599 4324 766 4390 ipsum
785 4321 1029 4375 mulieres
1052 4319 1317 4375 inveniant
1331 4319 1648 4373 assidentem
1666 4320 1845 4387 agglo-

281 4413 504 4467 meranti
535 4415 616 4466 vel
637 4413 808 4464 colum
841 4412 1058 4464 tenenti.
1082 4410 1219 4476 Quid
1248 4424 1382 4478 Opus
1406 4419 1488 4463 est
1525 4409 1703 4463 dicere
1726 4409 1846 4477 jur-

278 4505 361 4571 gia
387 4510 442 4555 et
465 4501 796 4569 quotidianas
820 4500 971 4554 lites?
998 4499 1127 4553 Nam
1154 4500 1311 4553 etiam
1341 4499 1387 4552 si
1426 4498 1589 4553 multa
1617 4498 1846 4551 amicitia

278 4595 367 4656 sit,
401 4590 516 4645 haec
541 4606 750 4660 quoque
778 4590 1084 4659 contingere
1108 4599 1190 4645 est
1214 4591 1519 4644 verisimile.
1542 4590 1728 4643 Audivi
1749 4605 1845 4642 au-

282 4692 386 4736 tem
412 4691 466 4734 ct
488 4681 554 4735 de
581 4681 839 4749 aliquibus
867 4681 1005 4748 quod
1036 4681 1259 4750 zelotypi
1302 4689 1442 4734 sunt.
1463 4680 1595 4734 Nam
1625 4681 1710 4734 ubi
1740 4695 1845 4734 non

281 4781 364 4826 est
390 4772 604 4825 dilectio
628 4772 914 4840 spiritualis
936 4811 951 4836 ,
982 4781 1037 4825 et
1064 4771 1166 4825 hoc
1191 4786 1407 4826 necesse
1434 4781 1517 4825 est
1544 4772 1659 4825 fieri
1688 4789 1698 4823 :
1723 4772 1847 4826 inde

280 4872 336 4918 ct
387 4863 520 4916 varii
569 4877 756 4926 casus,
809 4861 932 4915 inde
986 4860 1392 4929 corruptioues,
1445 4862 1567 4916 inde
1616 4863 1846 4933 virgines

279 4955 572 5009 redduntur
596 4954 930 5022 impudentes
949 4964 1001 5009 et
1023 4953 1339 5020 illiberales;
1362 4956 1459 5009 etsi
1494 4971 1716 5025 corpore
1742 4972 1844 5010 non

279 5054 716 5113 corrumpantur,
764 5046 998 5099 moribus
1039 5053 1235 5098 tamen.
1265 5045 1487 5111 Quando
1523 5047 1662 5100 enim
1691 5047 1848 5102 discit

283 5134 448 5188 libere
476 5133 615 5203 loqui
655 5134 767 5188 viro
791 5175 806 5196 ,
836 5135 1113 5189 considere
1138 5174 1153 5197 ,
1196 5134 1247 5188 in
1286 5150 1405 5189 eum
1434 5136 1662 5200 obtueri,
1693 5146 1745 5189 et
1774 5140 1844 5190 ri-

284 5226 431 5288 tlcre,
459 5235 512 5280 et
536 5224 702 5279 multa
729 5224 830 5278 alia
860 5223 997 5279 {teda
1024 5240 1207 5294 agere,
1237 5239 1409 5294 neque
1439 5224 1539 5280 hoc
1565 5243 1723 5296 grave
1750 5229 1846 5281 ali-

281 5314 404 5384 quid
435 5329 555 5370 esse
597 5322 783 5383 putat,
837 5315 1036 5369 tollitur
1078 5315 1388 5385 virginitatis
1429 5317 1636 5384 velum,
1669 5328 1722 5373 et
1748 5319 1845 5375 llos

283 5405 640 5458 conculcatur.
689 5404 815 5460 Inde
845 5418 973 5458 vero
1017 5406 1145 5459 nihil
1193 5419 1350 5475 agere
1395 5405 1667 5471 dubitant,
1714 5411 1842 5463 nihil

281 5493 630 5562 deprecantur
653 5532 668 5559 ,
695 5493 788 5549 sed
818 5503 870 5548 et
895 5493 1228 5548 internuntiae
1273 5495 1573 5563 nuptiarum
1602 5497 1764 5563 fiunt,
1792 5508 1847 5555 et

284 5583 598 5639 institoriam
647 5583 870 5640 aliorum
911 5585 1237 5654 negotiorum
1273 5585 1503 5653 obeunt,
1549 5587 1845 5661 multasque

280 5677 514 5733 volentes
541 5691 661 5734 esse
686 5676 869 5732 viduas
900 5676 1219 5747 prohibent,
1263 5688 1507 5748 putantes
1542 5696 1601 5740 se
1626 5698 1842 5740 suorum

605 5776 871 5836 l’ATltOL.
922 5777 1036 5837 (in.
1088 5778 1333 5840 XLVII.

800 334 981 407 QUOD
1020 333 1430 391 REGULARES
1460 329 1742 386 FEMINA‘I
1774 329 1952 385 V'llllS
1986 329 2420 385 COHABITARE
2450 329 2584 386 NON
2622 332 2958 389 DEBEAN’I‘.

3416 339 3523 396 530

1952 440 2212 495 malorum
2249 440 2610 497 defensionem
2655 444 2960 500 invenisse:
2991 446 3112 503 inde
3140 450 3385 506 erunibus
3432 451 3526 506 de-

1954 531 2235 599 spicabiles
2254 540 2396 595 sunt,
2418 532 2540 586 inde
2565 544 2620 588 et
2644 544 2818 602 nupta:
2840 537 3245 605 ipsarumcausa
3271 557 3374 595 non
3403 558 3525 597 eru-

1951 620 2208 686 bescunt,
2242 631 2421 691 utpote
2465 623 2518 676 in
2564 623 2808 679 omnibus
2844 627 3034 687 melius
3076 639 3312 697 agentes.
3360 631 3524 686 Multo

1951 711 2093 765 enim
2118 711 2310 766 melius
2337 728 2496 766 unum
2521 722 2576 767 et
2594 714 2816 769 alterum
2853 715 2990 771 inire
3012 720 3338 789 conjugium,
3371 738 3522 792 quam

1953 802 2066 857 hare
2088 800 2224 859 i‘tnda
2252 818 2428 873 agere,
2447 812 2502 859 et
2526 803 2774 859 lenonum
2799 807 3155 875 suspicionem
3180 810 3317 880 apud
3338 825 3520 867 omnes

1950 895 2130 950 subire
2154 937 2168 962 ,
2200 897 2339 966 quod
2370 912 2400 950 a
2447 900 2707 953 suavitate
2748 901 3052 968 nuptiarum
3089 915 3149 956 se
3177 902 3518 960 ahstrahant.

1950 994 2003 1039 ct
2029 987 2276 1040 oneribus
2305 987 2605 1056 nuptiarum
2631 1001 2690 1042 se
2718 987 2966 1043 subdant.
2997 988 3132 1056 Quid
3160 991 3301 1046 enim
3328 1008 3501 1048 onero

1949 1075 2061 1129 sius
2089 1091 2243 1143 quam
2276 1077 2442 1130 virum
2467 1077 2664 1132 habere
2688 1120 2700 1138 .
2719 1086 2770 1133 et
2792 1078 3073 1133 sollicitam
3093 1092 3213 1135 esse
3233 1081 3299 1135 de
3321 1081 3386 1136 iis
3404 1099 3524 1152 qum

1951 1167 2091 1220 illius
2137 1169 2298 1222 sunt?
2344 1170 2662 1224 Escrreravit
2705 1180 2755 1224 te
2802 1170 2870 1224 ab
2899 1171 2996 1226 hac
3042 1172 3281 1226 molestia
3328 1174 3465 1229 Deus

1949 1258 2029 1309 Ad
2062 1259 2220 1311 cirum
2246 1267 2385 1312 tuum
2411 1262 2664 1315 conversio
2703 1271 2817 1326 tua,
2850 1272 2895 1316 et
2937 1264 3044 1334 ipse
3072 1264 3147 1317 tui
3186 1265 3542 1320 dominabitur.

1955 1343 2101 1415 (Gen.
2124 1349 2178 1403 5.
2204 1347 2292 1419 l6)
2312 1387 2329 1415 ,
2353 1350 2523 1403 soluta
2553 1366 2613 1405 es
2638 1367 2730 1420 per
2750 1353 3106 1422 virginitatem
3138 1373 3151 1408 :
3180 1355 3305 1425 quid
3334 1357 3522 1410 itcrum

1953 1445 2002 1490 te
2030 1438 2269 1492 servituti
2301 1440 2558 1507 subjieis?
2585 1441 2831 1497 Liberam
2881 1453 2931 1498 te
2959 1443 3131 1499 eercit
3157 1444 3435 1513 Christus,
3468 1460 3523 1503 tu

1949 1538 2126 1580 autem
2155 1528 2244 1581 tibi
2277 1530 2373 1598 ipsi
2402 1532 2573 1584 nectis
2613 1533 2823 1601 negotia
2857 1551 2871 1586 :
2897 1534 2967 1588 ab
2987 1536 3134 1590 omni
3164 1536 3524 1593 sollicitudine

1950 1615 2168 1669 liberam
2197 1626 2249 1673 te
2273 1619 2421 1685 fecit,
2459 1629 2514 1674 tu
2533 1630 2708 1676 autem
2735 1637 2891 1677 curas
2911 1626 3201 1694 excogitas.

1986 1735 1988 1739 ν
2019 1710 2069 1762 9.
2099 1708 2203 1763 Sed
2233 1712 2479 1779 quoniam
2507 1712 2874 1769 sollicitudinis
2896 1717 3104 1778 mentio
3142 1718 3355 1782 incidit,
3387 1722 3522 1774 teni-

1949 1803 2150 1867 pestive
2186 1801 2301 1855 haec
2326 1801 2521 1858 dicenti
2547 1806 2807 1860 succurrit
2839 1807 3185 1875 apostolicum
3214 1808 3359 1863 illud.
3391 1809 3521 1864 Nam

1948 1890 1992 1943 si
2018 1890 2319 1947 cohabitare
2348 1894 2473 1947 viris
2499 1896 2747 1950 mulieres
2785 1905 2839 1950 et
2867 1897 3176 1951 mulieribus
3203 1899 3343 1953 viros
3370 1913 3525 1955 curas

1950 1981 2189 2045 tolleret,
2242 1983 2307 2036 ad
2356 1986 2730 2039 ccutincntiam
2786 1987 3117 2042 adhortando
3168 1990 3362 2045 Paulus
3419 2006 3523 2046 non

1949 2069 2169 2125 dixisset
2202 2089 2213 2122 :
2255 2071 2377 2126 Volo
2396 2084 2559 2127 autem
2586 2091 2668 2128 nos
2687 2076 2796 2130 sine
2817 2078 3155 2131 sollicitudine
3183 2094 3290 2133 esse
3308 2079 3356 2152 (l
3370 2119 3384 2132 .
3403 2079 3522 2135 Cor.

1950 2159 2002 2211 7.
2027 2159 2139 2229 52).
2173 2170 2225 2213 ut
2268 2169 2321 2215 et
2363 2161 2461 2217 hac
2487 2164 2690 2218 ratione
2731 2180 2828 2218 nos
2853 2165 3182 2221 admoneret.
3211 2167 3347 2234 Quid
3383 2170 3523 2225 enim

1950 2250 2148 2303 vultis?
2170 2250 2244 2303 ait
2262 2268 2274 2303 :
2291 2251 2532 2316 Quietem
2550 2265 2602 2308 ct
2627 2254 2964 2308 libertatem?
2995 2256 3190 2310 Deinde
3211 2274 3316 2311 non
3337 2258 3524 2314 videtis

1949 2340 2270 2393 contrarium
2300 2343 2534 2407 evenire,
2557 2338 2863 2399 servitutem
2886 2354 2940 2399 et
2962 2346 3175 2402 labores
3197 2356 3250 2402 et
3283 2349 3524 2405 miserias

1949 2430 2160 2496 multas,
2207 2430 2331 2485 dum
2379 2433 2508 2488 viris
2553 2432 2928 2489 cohabitatur?
2968 2434 3145 2490 Multa:
3188 2437 3345 2506 igitur
3382 2453 3525 2508 swpe

1949 2521 2159 2574 amissis
2188 2521 2311 2574 viris
2336 2521 2405 2577 ob
2431 2522 2533 2579 hoc
2575 2539 2681 2578 non
2708 2524 2897 2579 iterum
2927 2527 3148 2590 nubunt,
3181 2543 3247 2581 ne
3276 2528 3377 2582 sub
3398 2529 3525 2599 jugo

1949 2610 2218 2663 servitutis
2239 2610 2426 2664 iterum
2454 2612 2580 2666 sint.
2612 2613 2834 2667 Prorsus
2857 2627 3032 2669 autem
3060 2615 3104 2669 si
3136 2616 3187 2669 in
3216 2627 3525 2686 paupertate

1951 2701 2087 2754 vivis
2116 2711 2169 2755 et
2188 2702 2330 2755 onmi
2358 2704 2648 2769 patrocinio
2672 2719 2844 2771 cares,
2867 2704 3113 2760 virtutem
3141 2706 3259 2761 vita:
3280 2708 3520 2777 ostende,

1949 2800 2002 2844 et
2024 2807 2143 2845 cum
2161 2791 2272 2844 viro
2299 2792 2429 2846 nihil
2458 2792 2594 2847 habe
2623 2809 2904 2848 commune
2929 2812 2942 2846 :
2969 2797 3229 2865 conjunge
3255 2808 3307 2851 te
3332 2799 3523 2858 mulie-

1948 2881 2094 2935 ribus
2120 2897 2237 2950 qua:
2266 2882 2487 2938 honeste
2516 2883 2778 2944 vixerunt,
2807 2895 2860 2937 et
2885 2900 3054 2953 neque
3085 2895 3226 2940 tuam
3272 2901 3522 2942 coronam

1947 2970 2242 3039 diSperdes,
2270 2982 2322 3026 et
2356 2972 2501 3026 omni
2531 2972 2816 3041 perfrueris
2840 2975 3142 3030 securitate.
3169 2974 3319 3042 Quod
3347 2978 3394 3032 si
3425 2978 3523 3033 hoc

1949 3061 2165 3115 diflicilc
2194 3075 2314 3115 esse
2340 3057 2511 3130 putas,
2537 3076 2718 3131 qurere
2738 3062 3035 3133 diligenter,
3058 3073 3111 3118 et
3135 3066 3353 3121 omnino
3381 3068 3524 3123 inve-

1952 3149 2099 3212 nies;
2129 3150 2234 3203 imo
2276 3166 2381 3205 non
2419 3152 2775 3205 necessarium
2816 3164 2898 3206 est
2939 3169 3198 3222 quazrere.
3227 3155 3360 3211 Nam
3390 3159 3523 3212 sicut

1948 3238 2012 3291 ad
2041 3239 2209 3300 lucem
2241 3240 2566 3296 occurrimus
2593 3256 2797 3305 omnes,
2821 3243 2921 3307 sic,
2953 3245 2998 3298 si
3028 3243 3363 3315 refulgebunt
3391 3249 3522 3303 radii

1949 3327 2069 3379 vita:
2116 3336 2238 3392 tum,
2270 3343 2457 3382 omnes
2484 3340 2767 3384 accurrent
2796 3340 2847 3385 te
2873 3332 3169 3402 diligentes,
3199 3351 3525 3407 nnaqumquo

1948 3418 2041 3472 tibi
2072 3434 2289 3482 nnntere
2334 3418 2641 3490 fungeretur
2690 3423 2964 3488 ministrae,
2994 3433 3046 3478 ct
3092 3434 3142 3480 te
3183 3426 3369 3482 domus
3410 3443 3524 3484 sua:

1947 3510 2285 3564 securitatem
2326 3498 2526 3579 putabit
2570 3525 2706 3577 esse,
2755 3521 2810 3566 et
2834 3523 3077 3568 ornatum
3107 3513 3227 3570 vita:
3268 3527 3322 3571 et
3366 3533 3523 3572 coro-

1948 3617 2070 3655 nam
2132 3602 2422 3657 secundum
2473 3615 2775 3658 sermonem
2815 3600 3029 3658 Christi.
3077 3606 3298 3670 Quaerite
3339 3609 3521 3674 enim,

1948 3692 2041 3754 ait,
2075 3707 2281 3760 regnum
2308 3690 2421 3755 Dei,
2444 3702 2490 3745 et
2510 3692 2617 3746 hac
2645 3693 2814 3745 omnia
2838 3692 3140 3762 adﬁcientur
3157 3695 3291 3749 vobis
3308 3696 3521 3764 (Matth.

1949 3780 2002 3834 6.
2033 3779 2144 3850 53).
2173 3780 2323 3835 Nunc
2349 3791 2526 3836 autem
2552 3792 2605 3836 et
2631 3797 2729 3836 nos
2748 3791 2996 3837 auctores
3021 3800 3224 3851 smnus,
3255 3796 3312 3840 ut
3336 3803 3398 3842 ex
3426 3788 3523 3843 hac

1951 3872 2186 3925 saeculari
2233 3872 2483 3926 felicitate
2527 3872 2832 3928 excidemus
2857 3874 2997 3943 quod
3024 3875 3254 3929 caelestia
3288 3878 3522 3946 negliga-

1950 3977 2086 4015 mns.
2116 3961 2223 4016 Nos
2251 3972 2425 4015 autem
2454 3962 2665 4032 quando
2690 3963 2829 4028 dico,
2862 3978 2967 4017 non
2993 3964 3135 4018 viros
3164 3965 3335 4019 Solum
3379 3968 3516 4030 dico,

1950 4057 2043 4109 sed
2072 4064 2125 4109 et
2168 4069 2279 4118 vos,
2313 4064 2367 4109 et
2408 4070 2501 4109 vos
2543 4056 2709 4125 magis
2753 4070 2909 4124 quam
2957 4057 3120 4109 viros.
3171 4058 3426 4121 Quoniam
3456 4060 3523 4113 ab

1950 4147 2098 4200 initio
2123 4146 2191 4198 ob
2222 4145 2320 4198 hoc
2362 4146 2656 4213 graviorem
2685 4159 2894 4212 prenam
2921 4147 3126 4214 accepit
3153 4148 3338 4200 mulier
3357 4188 3372 4211 ,
3400 4149 3520 4215 quia

1950 4234 2277 4301 deceptionis
2320 4234 2488 4302 major
2522 4248 2680 4287 causa
2728 4231 2846 4300 fuit,
2894 4244 3108 4303 propter
3147 4235 3244 4288 hoc
3286 4245 3340 4289 et
3382 4236 3523 4289 deci-

1951 4325 2179 4392 pientem
2227 4324 2393 4393 magis
2420 4338 2575 4391 quam
2602 4324 2879 4391 deceptum
2926 4323 3130 4392 punivit
3177 4324 3313 4378 Deus
3341 4343 3354 4376 :
3381 4327 3521 4394 quod

1949 4426 2002 4468 et
2033 4427 2171 4468 nunc
2189 4414 2307 4474 crit,
2338 4413 2381 4466 si
2403 4427 2507 4466 non
2538 4412 2805 4467 volueritis
2831 4413 3043 4479 corrigi,
3068 4424 3118 4466 ct
3148 4413 3213 4465 ad
3259 4416 3519 4482 propriam

1951 4504 2121 4558 redire
2169 4503 2510 4555 nobilitatem.
2543 4500 2765 4569 Propter
2789 4501 2892 4555 hoc
2934 4500 3074 4555 enim
3102 4511 3156 4556 et
3183 4501 3373 4563 mulier
3399 4512 3523 4558 tunc

1950 4594 2268 4663 reprehensa
2295 4591 2442 4663 (Gen.
2487 4591 2567 4662 5),
2594 4591 2733 4661 quod
2779 4606 2907 4646 vero
2932 4590 3164 4647 dedisset
3205 4592 3272 4646 de
3309 4594 3477 4649 fructu
3503 4637 3519 4661 ,

1950 4700 2054 4739 non
2096 4683 2321 4738 audebat
2360 4682 2539 4736 dicere
2582 4681 2900 4749 Oportuisse,
2947 4696 3067 4733 cum
3101 4681 3183 4735 vir
3210 4691 3373 4747 esset,
3416 4698 3521 4738 non
3598 4730 3601 4731 ν

1952 4775 2255 4846 persuaderi
2307 4789 2475 4843 neque
2521 4772 2714 4841 decipi,
2762 4771 2856 4826 sed
2904 4775 3039 4826 hanc
3083 4772 3295 4842 quidem
3340 4785 3521 4845 utpote

1951 4866 2189 4933 frigidam
2233 4864 2594 4939 defensionem
2635 4862 2815 4929 tacuit,
2866 4862 2931 4915 ad
2973 4863 3129 4916 aliam
3174 4875 3350 4919 autem
3380 4867 3525 4920 venit

1951 4958 2211 5011 infirmam
2240 4952 2449 5023 quidem
2476 4961 2531 5007 et
2557 4952 2746 5021 ipsam,
2776 4959 3005 5005 attamen
3039 4953 3154 5020 plus
3196 4953 3293 5008 hae
3321 4953 3521 5009 haben-

1951 5059 2054 5105 tem
2098 5047 2335 5101 rationis.
2384 5042 2533 5099 Unde
2575 5042 2747 5111 palam
2777 5049 2859 5095 cst
2896 5043 3061 5112 magis
3090 5042 3254 5096 licere
3285 5043 3520 5112 deceptis

1952 5140 2002 5193 in
2033 5138 2341 5207 deccptores
2366 5134 2577 5204 culpam
2616 5131 2860 5202 rejicere,
2889 5147 3047 5201 quam
3071 5132 3440 5201 deceptoribus
3469 5136 3517 5187 in

1950 5229 2218 5298 deceptos.
2249 5226 2493 5280 Scortum
2522 5222 2748 5279 accersit
2771 5236 2890 5276 eum
2918 5220 3009 5290 qui
3051 5222 3370 5277 contumelia
3396 5238 3503 5278 cor-

1950 5336 2049 5389 pus
2076 5332 2226 5373 sumn
2272 5314 2452 5379 allicit,
2497 5322 2552 5369 et
2593 5323 2872 5383 postquam
2910 5324 3029 5364 cum
3075 5310 3164 5364 illo
3205 5301 3506 5370 dormierit.

1953 5410 2138 5461 iterum
2169 5404 2414 5470 dimittit;
2443 5411 2499 5459 tu
2523 5413 2698 5458 autem
2725 5400 2811 5455 ubi
2837 5399 3045 5456 vocaris
3068 5415 3189 5455 eum
3214 5399 3304 5470 qui
3332 5401 3518 5471 injuria

1950 5499 2109 5554 allicit
2131 5506 2187 5553 et
2213 5495 2503 5567 corrumpit
2526 5494 2755 5549 animam
2799 5502 2962 5554 tuam,
2993 5505 3204 5560 semper
3228 5491 3399 5560 ipsum
3437 5492 3516 5546 in.

1950 5592 2155 5656 cludis,
2204 5597 2259 5645 ct
2305 5604 2410 5644 non
2458 5584 2720 5657 permittis
2767 5583 2931 5650 exire,
2985 5580 3297 5652 vinculaquo
3341 5583 3517 5653 gravia

1954 5682 2124 5752 injicis
2169 5680 2487 5748 adulatione,
2518 5692 2643 5734 cura
2672 5684 2726 5734 et
2768 5674 2888 5730 aliis
2916 5672 3162 5744 operibus
3206 5681 3259 5727 ct
3289 5681 3438 5741 putas
3468 5682 3520 5728 te

3096 5774 3170 5833 31
