4264 6312
716 287 810 351 $5!
975 264 979 267 Ι
1458 294 1514 350 S.
1555 296 1828 352 JOANNIS
1853 295 2323 355 CHRYSOSTOMI
2364 301 2677 355 ARCHIEP.
2708 299 3242 357 CONSTANTINOP.

712 407 995 476 gloriﬁcari
1041 420 1160 461 cum
1207 407 1427 475 teipsam
1473 407 1541 460 ita
1587 408 1900 462 confundis?
1930 398 2041 462 Non
2090 409 2286 478 cogitas

713 508 790 562 tu,
820 497 904 553 die
920 498 1079 562 mihi,
1122 508 1435 566 praesentem
1475 499 1654 565 vitam,
1685 515 1839 568 quam
1883 501 2077 562 brevis,
2109 511 2164 553 ut
2201 514 2285 551 so—

711 593 867 646 mniis
894 591 1234 653 assimiletnr,
1264 601 1316 642 et
1358 589 1590 643 ﬂosculis
1615 592 2083 652 marcescentibns,
2106 600 2286 642 etum—

710 681 817 734 hra:
846 679 1228 748 prmtereunti?
1259 679 1363 733 Cur
1390 681 1469 732 vis
1513 680 1747 734 deliciari
1777 694 1918 734 nunc
1943 683 1992 732 in
2033 679 2240 732 somnio
2264 718 2283 746 ,

709 779 762 822 et
792 768 968 835 puniri
999 777 1122 821 tunc
1154 769 1202 819 in
1247 767 1509 820 veritate?
1533 768 1782 832 Quamvis
1811 783 1906 821 nec
1935 767 2147 822 delicias
2173 768 2285 821 btec

708 875 797 914 res
831 861 1024 913 habet:
1059 859 1324 928 quomodo
1367 860 1528 922 enim,
1561 859 1647 912 ubi
1694 859 2064 912 condemnatio
2108 868 2162 912 et
2199 874 2286 912 rc-

706 949 1089 1017 prehensiones
1132 956 1186 1000 et
1231 947 1468 1000 convicia
1513 956 1567 1000 et
1618 947 1861 1001 scandala
1885 948 1907 997 ’ἰ
1950 946 2144 1000 Verum
2188 947 2309 1008 etsi,

712 1038 913 1092 delicia:
944 1045 1143 1102 essent,
1176 1037 1301 1107 quid
1331 1047 1410 1092 est
1441 1052 1598 1106 parva
1625 1053 1772 1107 aqua:
1799 1046 1939 1109 gutta
1968 1037 2033 1090 ad
2065 1038 2287 1090 immen-

713 1146 825 1187 sum
855 1133 1036 1185 mare?
1065 1133 1217 1195 Audi,
1248 1134 1376 1200 ﬁlia,
1405 1143 1451 1186 et
1482 1135 1611 1199 vide,
1643 1143 1689 1188 et
1716 1137 1903 1187 inclina
1925 1152 2096 1188 (ιω-ειη
2115 1145 2248 1188 (nam
2270 1176 2283 1197 ,

711 1231 755 1275 et
786 1223 1068 1276 obliviscere
1110 1222 1352 1290 populum
1399 1234 1556 1289 tuum,
1603 1235 1649 1278 et
1679 1226 1883 1278 domum
1921 1227 2075 1293 patris
2115 1226 2205 1288 tui,
2243 1235 2288 1279 et

713 1313 1021 1380 concupiscet
1050 1328 1137 1365 rex
1174 1313 1398 1366 decorem
1445 1323 1582 1366 tuum
1617 1313 1784 1382 (Psal.
1833 1317 1919 1368 44.
1955 1316 2065 1385 12),
2100 1317 2162 1367 ad
2195 1331 2286 1369 or-

711 1402 831 1454 Lem
884 1410 1039 1453 teme
1085 1401 1367 1469 aliquando
1413 1403 1550 1456 male
1589 1394 1828 1457 ail‘ectum
1859 1405 2063 1458 dicebat
2104 1404 2283 1458 David.

711 1492 822 1545 Hoc
844 1491 998 1560 igitur
1020 1507 1115 1545 nos
1141 1493 1230 1545 tibi
1253 1494 1576 1556 occinemus,
1595 1493 1755 1548 breve
1777 1495 1991 1549 verbum
2019 1495 2287 1562 prophetae

715 1581 1158 1636 subimmutantes
1182 1623 1196 1645 ,
1243 1595 1296 1636 et
1335 1582 1572 1636 dicemus
1616 1598 1734 1636 cum
1779 1585 2032 1653 propheta
2065 1602 2077 1637 :
2108 1583 2284 1648 Audi,

711 1673 837 1737 tilia,
866 1680 919 1725 et
945 1673 1084 1738 vide,
1127 1682 1180 1739 et
1206 1673 1395 1727 inclina
1439 1689 1622 1727 aurem
1667 1683 1828 1736 tuam,
1866 1685 1919 1728 et
1961 1675 2277 1728 obliviscere

710 1763 864 1816 mala:
904 1762 1299 1815 consuetudinis
1330 1771 1384 1816 ct
1429 1777 1612 1816 eorum
1651 1763 1739 1832 qui
1772 1763 1862 1816 tibi
1911 1763 2048 1816 male
2077 1762 2291 1816 cohabi-

709 1860 841 1910 tant.
877 1861 930 1904 et
969 1853 1304 1919 concupiscet
1345 1867 1436 1905 rex
1481 1852 1922 1920 pulchritudinem
1963 1861 2125 1906 tuam.
2153 1850 2288 1917 Quid

710 1942 804 1995 tibi
833 1941 931 1994 hoc
956 1941 1161 2009 majus?
1187 1941 1310 2009 quid
1337 1941 1463 1995 item
1491 1956 1586 2009 par
1610 1942 1898 2009 poterimus
1915 1941 2108 2004 dicere,
2131 1956 2287 2010 quam

709 2039 768 2083 ut
809 2031 959 2095 caeli,
1009 2039 1163 2083 terra:
1205 2039 1256 2084 et
1299 2031 1603 2100 angelorum
1656 2039 1710 2085 et
1755 2022 2188 2101 archangelorum
2235 2039 2290 2085 et

707 2137 1057 2191 snpernarum
1097 2121 1354 2174 Virtutum
1400 2122 1680 2174 Dominum
1730 2130 2018 2176 amatorem
2063 2123 2242 2175 sortita
2270 2162 2284 2187 ,

709 2214 950 2266 libereris
979 2227 1007 2265 a
1036 2213 1227 2266 vilibus
1272 2214 1564 2278 conservis,
1599 2223 1737 2266 tuam
1779 2214 2163 2268 notabilitatem
2193 2214 2289 2269 de-

708 2303 1158 2358 honestantibus?
1189 2303 1410 2372 Propter
1452 2303 1591 2372 quod
1631 2319 1660 2359 c
1704 2318 1761 2357 re
1803 2304 1957 2357 fuerit
2013 2304 2096 2357 hic
2141 2303 2289 2358 linire

706 2409 1054 2449 sermonem:
1089 2394 1217 2447 nihil
1243 2395 1384 2448 enim
1429 2394 1606 2462 dicere
1648 2395 1939 2464 poterimus
1987 2394 2126 2462 quod
2168 2394 2289 2447 huic

711 2482 896 2538 honori
925 2484 993 2537 sit
1040 2498 1153 2552 par.
1186 2482 1315 2537 Nam
1349 2484 1393 2538 si
1433 2500 1551 2554 quae
1578 2499 1830 2554 sponsum
1871 2484 1923 2538 in
1953 2493 2090 2537 terra
2134 2498 2287 2538 acce-

712 2574 848 2636 perit
893 2587 1095 2647 regem,
1142 2573 1388 2629 omnibus
1429 2588 1487 2629 se
1516 2581 1663 2642 putat
1709 2588 1826 2627 esse
1873 2573 2202 2628 beatiorem:
2236 2583 2288 2625 tu

3865 305 3971 360 53E!

2394 427 2512 464 cum
2541 411 2734 466 habeas
2762 427 2867 466 non
2911 421 3197 474 terrenum.
3231 427 3330 468 nec
3357 428 3693 481 conservum,
3724 416 3816 470 sed
3844 431 3971 471 eum

2363 500 2480 571 qui
2526 503 2578 555 in
2601 502 2771 564 cmlis,
2803 518 2922 556 cum
2967 504 3053 572 qui
3093 517 3253 571 super
3291 519 3501 559 omnem
3529 508 3887 575 principatum
3914 514 3977 561 et

2394 599 2706 658 potestatem
2737 601 2788 645 et
2812 592 3058 646 virtutem
3089 602 3141 646 et
3167 608 3324 648 omne
3349 609 3541 648 nomen
3567 596 3704 665 quod
3732 597 3975 650 nomina-

2393 690 2497 743 tur,
2541 693 2663 733 eum
2709 681 2797 749 qui
2851 697 3010 748 super
3060 682 3344 736 Cherubim
3398 676 3569 749 sedet,
3625 687 3710 754 qui
3738 686 3977 740 concutit

2392 780 2609 833 terram,
2637 769 2727 837 qui
2757 770 2994 822 extendit
3017 773 3230 836 emlnm,
3275 773 3362 841 qui
3393 772 3641 826 terribilis
3663 784 3746 829 est
3769 772 3972 827 Cheru-

2392 859 2548 920 binis,
2597 859 2896 912 inaeccssus
2944 858 3274 927 Seraphinis,
3325 877 3428 915 non
3460 848 3729 930 sponsum"
3755 865 3922 917 solum
3955 906 3972 929 ,

2393 948 2485 1002 sed
2515 958 2805 1002 amatorem
2845 951 3030 1017 quovis
3060 950 3272 1004 homine
3297 951 3676 1017 ardentiorem,
3704 952 3974 1021 quomodo

2392 1054 2496 1091 non
2526 1039 2700 1091 omnia
2747 1040 3020 1108 relinquis,
3066 1056 3182 1109 quae
3221 1042 3305 1096 hic
3335 1053 3475 1106 sunt,
3507 1045 3710 1097 etiamsi
3741 1045 3974 1097 animam

2394 1131 2562 1197 ipsam
2611 1131 2911 1198 relinquere
2955 1133 3234 1200 oporteat?
3276 1133 3533 1198 Quoniam
3565 1134 3736 1202 igitur
3779 1134 3974 1187 suﬂieit

2396 1220 2496 1273 hoc.
2525 1221 2742 1275 verbum
2772 1222 2942 1274 solum
2969 1223 3033 1275 ad
3066 1223 3279 1291 plumbo
3306 1225 3446 1276 omni
3475 1225 3770 1293 graviorem
3801 1223 3978 1277 corri-

2392 1309 2619 1378 gendum
2647 1321 2699 1364 ct
2739 1312 3154 1378 promovendnm
3184 1312 3250 1365 ad
3296 1328 3575 1381 supernam
3615 1314 3978 1367 Conversa-tio-

2393 1414 2536 1464 nem,
2583 1409 2636 1453 et
2676 1415 2771 1453 nos
2816 1401 2917 1453 huc
2969 1401 3282 1467 desinimus,
3332 1412 3487 1470 teque
3534 1401 3875 1456 admouemus
3915 1410 3981 1454 ut

2393 1490 2545 1559 quasi
2588 1489 2823 1544 divinum
2875 1492 3086 1560 aliquod
3118 1492 3378 1547 canticum
3423 1494 3709 1557 concinas;
3737 1508 3798 1546 ac
3827 1492 3976 1547 doini

2393 1588 2448 1634 et
2473 1580 2524 1632 in
2553 1579 2687 1644 foro,
2716 1590 2770 1634 et
2794 1581 2879 1635 die
2900 1591 2952 1634 ct
2981 1592 3154 1646 nocte,
3181 1592 3234 1637 et
3264 1583 3314 1636 in
3363 1583 3444 1635 via
3472 1592 3524 1637 et
3572 1583 3622 1636 in
3672 1582 3900 1636 thalamo
3931 1585 3975 1647 ‘,

2394 1679 2447 1724 ct
2475 1686 2606 1725 voce
2645 1681 2699 1724 et
2729 1681 2906 1726 mente
2953 1674 3202 1727 continue
3246 1673 3477 1741 loquaris
3520 1673 3710 1727 anima:
3749 1673 3976 1726 dicens:

2394 1758 2552 1823 Audi,
2600 1760 2794 1825 anima,
2850 1769 2905 1814 et
2947 1761 3101 1828 vide,
3149 1770 3202 1814 et
3249 1762 3439 1817 inclina
3489 1777 3669 1816 aurem
3718 1771 3879 1826 tuam,
3920 1769 3979 1816 et

2396 1847 2708 1902 obliviscere
2753 1849 2906 1902 mala:
2947 1849 3366 1915 consuetudinis,
3412 1859 3467 1904 et
3506 1851 3842 1918 concupiscet
3879 1866 3979 1904 rex

2396 1936 2839 2003 pulchritudinem
2897 1947 3058 1992 tuam.
3107 1940 3174 1993 Et
3224 1941 3268 1993 si
3315 1941 3416 1993 hoc
3459 1941 3708 1995 continue
3756 1941 3979 1994 verbum

2396 2025 2609 2091 dixeris,
2654 2043 2784 2081 auro
2813 2030 2954 2081 omni
2983 2029 3252 2098 puriorem
3286 2029 3444 2084 facies
3487 2031 3735 2083 animam.
3769 2030 3980 2083 Dictum

2395 2115 2536 2169 enim
2565 2114 2667 2169 hoc
2705 2117 2826 2191 igne
2855 2117 3224 2171 vehementius
3253 2126 3306 2172 et
3334 2117 3603 2172 efﬁcacius
3647 2117 3830 2171 afﬂare
3859 2127 3981 2171 tuas

2394 2204 2741 2271 cogitationes
2767 2213 2818 2256 et
2856 2219 3041 2258 omnes
3072 2215 3174 2258 tuae
3213 2205 3405 2259 mentis
3431 2205 3660 2259 maculas
3685 2220 3984 2274 expurgare

2395 2293 2608 2359 valebit,
2642 2293 2695 2347 in
2720 2293 2930 2348 Christo
2955 2295 3078 2348 Jesu
3123 2297 3346 2351 Domino
3374 2305 3574 2363 nostro,
3605 2296 3687 2350 cui
3729 2296 3894 2366 gloria
3925 2296 3980 2350 in
4042 2320 4044 2328 ι

2397 2385 2592 2439 ετεειιὶει
2618 2384 2953 2439 saeculorum.
2981 2385 3170 2440 Amen.

2462 2559 2477 2588 ¹
2515 2557 2651 2605 savil.
2679 2557 2844 2616 habet,
2868 2563 2913 2607 et
2929 2557 2976 2606 in
3000 2557 3140 2606 mari.

2032 3346 2203 3407 FINIS
2238 3340 2401 3401 ΤΟΜί
2437 3344 2644 3401 ΡΒΙΜΙ.
